4686 6548
615 735 680 808 126

616 936 778 1036 potitium
803 935 990 1012 Ostraarrt
1016 934 1202 1029 humiliem
1230 933 1306 1010 tibet
1332 932 1404 1025 {lob
1433 942 1499 1010 aab
1522 932 1662 1024 arrhene
1689 933 1845 1009 tractate
1870 931 1946 1009 tibet
1975 933 2023 1008 tie

615 1083 773 1178 silialateo
805 1083 975 1183 cssmihlig
1001 1084 1238 1179 tetidottnbsn
1265 1083 1340 1174 iria.
1393 1078 1475 1158 Oine
1515 1083 1620 1180 tacite
1656 1081 1785 1177 ttriasbs
1823 1081 1858 1174 ih
1896 1082 1930 1156 bt
1968 1089 2022 1157 bet

616 1403 668 1484 qui
691 1404 813 1484 opinati
836 1413 909 1468 sunt
925 1401 1098 1484 Origenem
1121 1403 1228 1485 ignem
1252 1401 1340 1487 apud
1362 1403 1485 1466 inieras
1501 1401 1722 1485 metaphorice
1745 1400 1931 1466 sumendum
1948 1420 2021 1466 esse

616 1513 782 1598 docuisse3
805 1537 865 1582 nec
888 1517 1020 1580 realiter
1042 1516 1178 1580 llammis
1203 1514 1294 1580 aduri
1318 1513 1614 1597 inextinguibilibus
1634 1515 1847 1596 reproborum
1871 1533 2021 1599 corpora.

615 1623 702 1690 Satis
724 1627 807 1690 enim
829 1627 914 1712 ignis
938 1647 1041 1710 genus
1065 1627 1104 1692 ad
1129 1627 1336 1694 humanitatis
1360 1636 1490 1691 nostrae
1512 1625 1680 1711 mysticam
1709 1625 1946 1710 lustrationem,
1980 1627 2021 1690 ab

614 1737 719 1802 altero
750 1737 893 1804 distinxit
916 1739 1074 1825 Origenes
1106 1741 1267 1818 sensibili,
1301 1739 1521 1804 damnatorum
1557 1754 1698 1820 corpora
1731 1736 1932 1804 incessanter
1963 1759 2021 1804 ex·

613 1851 807 1918 cruciaturo.
2046 1848 2049 1859 '

718 1963 772 2030 Vl.
817 1963 900 2031 llinc
922 1965 1066 2032 similiter
1090 1966 1212 2032 trustra
1234 1963 1383 2048 Origeuis
1407 1965 1605 2030 adversariis
1630 1984 1837 2048 persuasum,
1859 1968 2020 2050 reprobos

614 2076 852 2161 daemonesque
876 2079 1079 2162 sempiternis
1102 2078 1271 2146 damnatos
1302 2078 1468 2163 suppliciis
1491 2083 1564 2162 post
1593 2077 1781 2162 longissima
1814 2078 2017 2143 saeculorum

614 2191 720 2276 spatia
743 2189 932 2274 expiatoriis
954 2192 1069 2275 poenis
1092 2192 1245 2258 lustratos
1268 2193 1298 2256 in
1323 2192 1408 2274 igne,
1427 2209 1497 2255 cum
1521 2188 1655 2254 Christo
1679 2191 1813 2256 coelesti
1828 2190 1938 2274 gloria
1960 2195 2021 2256 bo·

615 2305 727 2387 nisque
750 2304 896 2368 omnibus
918 2304 1129 2370 cumulandos
1152 2305 1238 2387 lore;
1261 2303 1349 2388 quod
1371 2322 1527 2386 nusquam
1549 2303 1678 2387 scripsit
1700 2301 1868 2386 Origenes.

717 2413 789 2479 Vll
832 2413 952 2482 Nullibi
976 2415 1136 2502 Origenes
1157 2416 1280 2482 Christi
1304 2395 1500 2482 sententiae:
1526 2423 1579 2499 ,et
1600 2416 1691 2482 ibunt
1711 2416 1745 2480 hi
1771 2418 1802 2480 in
1825 2417 2018 2501 supplicium

617 2535 793 2608 aeternum,
817 2527 891 2592 iusti
914 2537 1020 2594 autem
1043 2529 1074 2594 in
1100 2532 1195 2595 vitam
1219 2524 1416 2610 aeternam‚“
1440 2547 1523 2614 quae
1546 2535 1724 2592 extremum
1756 2537 1909 2612 sequetur
1936 2529 2018 2595 iudi·

615 2639 707 2720 oium,
733 2639 805 2724 pari
828 2639 1064 2724 significatione
1087 2643 1118 2707 in
1141 2651 1296 2725 utrosque
1317 2649 1349 2706 et
1370 2641 1443 2727 pios
1466 2649 1500 2706 et
1522 2642 1686 2726 improbos
1709 2641 1866 2722 indictae,
1895 2643 2018 2723 nullibi,

613 2751 757 2835 inquam,
782 2748 941 2836 Origenes
965 2753 1084 2820 adiecit
1112 2755 1208 2820 talem
1232 2763 1451 2840 praesumtam
1473 2755 1664 2818 daemonum
1685 2763 1719 2820 et
1741 2773 1915 2838 pravorum
1938 2776 2018 2840 poe·

613 2863 778 2929 nitentium
809 2875 842 2930 et
873 2867 1092 2932 successivam
1125 2887 1235 2976 capum
1270 2868 1425 2949 salutem,
1456 2867 1538 2952 ipsis
1574 2877 1648 2950 post
1678 2866 1858 2936 diuturnum
1891 2877 2017 2955 tempus

614 2983 770 3061 paratam.

717 3088 806 3155 Vlll.
849 3087 985 3156 Frustra
1008 3091 1140 3177 insuper
1163 3090 1297 3156 lluetius
1314 3091 1500 3174 caeterique
1522 3091 1676 3174 suspicati
1700 3097 1774 3154 sunt
1789 3087 2017 3156 Adamantium

562 3243 564 3246 -
615 3202 774 3266 vocabulo
797 3195 927 3269 αἰώνιον
950 3200 1155 3288 ,aeternum“
1187 3223 1247 3289 pro
1274 3203 1397 3268 dilinito
1416 3213 1565 3288 tempore
1598 3222 1688 3269 usum
1721 3203 1838 3284 luisse,
1872 3223 1943 3270 cum
1977 3205 2018 3270 de

614 3315 721 3380 lutura
743 3315 929 3397 loqueretur
952 3317 1035 3396 vita,
1064 3317 1158 3400 quasi
1180 3318 1265 3382 hanc
1291 3335 1405 3381 vocem
1436 3317 1530 3381 aliter
1559 3336 1653 3400 quam
1677 3315 1825 3382 Ecclesia
1848 3315 2018 3383 Catholica

614 3425 723 3494 docuit
745 3435 778 3491 et
800 3426 896 3493 docet
919 3450 960 3494 ex
983 3447 1040 3495 ore
1064 3429 1186 3494 Christi
1209 3437 1240 3494 ct
1264 3427 1508 3514 Apostolorum,
1532 3429 1721 3514 accepisset.

717 3537 772 3603 tx.
818 3537 969 3624 Corpora
990 3550 1213 3608 resurrectura
1237 3561 1301 3607 non
1324 3542 1417 3607 aliam
1442 3563 1460 3607 a
1484 3543 1622 3626 pristina
1647 3539 1708 3625 (ab
1731 3562 1767 3606 ea
1793 3541 1931 3623 scilicet,
1954 3562 2016 3626 qua

614 3652 756 3717 constitit
778 3661 853 3717 ante
876 3651 1030 3738 mortem]
1052 3663 1198 3721 naturam
1221 3654 1367 3736 induent,
1391 3654 1449 3719 sed
1473 3655 1504 3718 in
1528 3655 1643 3719 eadem
1660 3661 1841 3736 resurgent,
1861 3673 1881 3718 a
1898 3657 2018 3720 morbis

614 3777 721 3828 tamen
748 3777 781 3829 et
814 3765 1036 3834 allectionibus
1068 3777 1102 3832 et
1133 3768 1312 3842 defectibus
1346 3775 1480 3832 naturae
1511 3779 1684 3851 corruptas
1722 3765 1807 3830 idest
1837 3768 2019 3840 acltcchio

613 3885 772 3962 exempta.
818 3877 853 3944 ln
877 3899 941 3963 qua
963 3881 1157 3946 immunitate
1185 3880 1240 3946 illa
1261 3881 1464 3946 constituitur
1488 3881 1642 3946 beatitudo
1672 3879 1807 3945 seorsim
1831 3901 1850 3944 a
1874 3879 2018 3960 caelesti,

615 4009 678 4076 qua
702 3991 794 4072 prnhi
817 3989 962 4056 truantur
984 3991 1015 4056 in
1040 4001 1216 4076 conspectu
1239 3989 1307 4055 Dei.

717 4101 758 4168 Χ.
803 4101 889 4168 Nihil
911 4103 1067 4187 praelatis
1090 4105 1345 4188 expositionibus
1368 4102 1501 4168 allicere
1517 4103 1688 4168 nonnullas
1711 4103 1889 4168 locutiones
1905 4105 2016 4187 graeci

615 4215 842 4280 Commentarii
865 4217 897 4280 in
921 4216 1118 4282 Matthaeutn
1142 4219 1183 4282 ab
1207 4217 1322 4282 lluetio
1344 4215 1423 4282 editi
1438 4235 1510 4282 cum
1528 4219 1677 4281 versione
1699 4217 1808 4299 latina,
1824 4217 2013 4301 praesertim

614 4325 722 4408 quoad
744 4325 932 4390 daemonem
956 4329 1173 4410 poenitentiae
1197 4348 1368 4412 capacem:
1401 4329 1658 4412 quandoquidem
1682 4328 1738 4393 ille
1762 4327 2015 4394 Commentarius

615 4437 703 4503 haud
724 4440 882 4522 genuinus
905 4443 1061 4523 probatur
1084 4439 1233 4526 Origenis
1256 4443 1371 4525 iaetus,
1394 4439 1452 4504 sed
1475 4441 1640 4506 cuiusdam
1666 4437 1828 4526 Anonymi
1852 4441 1962 4524 glossa
1984 4449 2014 4503 et

615 4550 742 4632 quidem
766 4571 912 4636 erronea,
935 4556 1102 4622 elaborata
1124 4575 1221 4640 supra
1241 4551 1396 4620 Auctoris
1420 4555 1530 4619 verba.

717 4663 773 4730 Xl.
817 4667 1017 4750 Novissime,
1044 4669 1137 4734 sicuti
1160 4667 1319 4752 Origenes
1341 4667 1511 4752 profitetur
1543 4685 1583 4732 ac
1613 4675 1719 4749 tenet,
1752 4688 1812 4734 nec
1843 4667 2017 4732 daemones

616 4797 677 4842 uec
699 4781 857 4862 reprobos
880 4799 979 4865 posse
1002 4781 1174 4865 aliquando
1198 4781 1228 4845 in
1253 4781 1319 4845 vita
1348 4781 1453 4844 lutura
1476 4781 1707 4864 redemptionis
1730 4779 1852 4846 Christi
1873 4782 1935 4846 hui
1959 4783 2016 4848 be·

615 4889 751 4957 aelicta:
781 4893 825 4958 ita
858 4903 891 4960 et
923 4895 1059 4978 angelos
1090 4901 1124 4958 et
1155 4897 1279 4979 probos
1311 4895 1446 4960 coelesti
1478 4895 1604 4978 gloriae
1635 4913 1705 4960 cum
1732 4893 1801 4960 Oea
1832 4895 2017 4979 participes,

616 5027 784 5090 numquam
809 5027 948 5092 peccare
968 5026 1067 5092 posse
1091 5007 1197 5073 docet.

718 5121 784 5190 oet
806 5123 918 5204 μνείας
957 5119 1135 5208 ,Origenes
1155 5122 1197 5187 ab
1229 5121 1401 5206 impietatis
1433 5129 1466 5186 et
1496 5122 1673 5188 haereseos
1704 5129 1779 5188 uota
1809 5123 1842 5186 in
1875 5119 2013 5186 caeteris

615 5233 864 5300 institutionibus
887 5233 1087 5301 vindicatum
1111 5237 1236 5302 tatone
1258 5235 1345 5318 stet
1369 5234 1531 5320 bethsittpt
1559 5233 1607 5317 tid)
1637 5235 1691 5302 mit
1722 5243 1776 5304 tra
1800 5235 1916 5318 hragra
1946 5235 2013 5310 aad

614 5353 664 5414 brt
686 5345 936 5430 merimannus,
960 5355 1010 5416 brt
1031 5347 1250 5436 dolositatum,
1275 5353 1339 5416 toa
1361 5347 1443 5416 Once
1465 5353 1515 5416 bet
1537 5347 1629 5430 ‘IOttt
1652 5354 1707 5416 bea
1731 5347 1847 5436 Orgala
1870 5343 2014 5415 ancilib

614 5475 735 5536 tanturn,
767 5463 822 5526 ten
844 5458 1006 5541 illicitator
1038 5467 1088 5526 tet
1120 5463 1158 5542 tt.
1191 5459 1401 5544 Ctetrintsstttt
1432 5469 1490 5530 unt
1513 5462 1774 5546 bitalbaettaap
1797 5459 1930 5542 Oattte',
1964 5465 2014 5526 tet

615 5571 847 5650 Olenldrnieste,
873 5573 962 5652 ttttm
985 5571 1090 5650 lOsten
1111 5580 1169 5638 aab
1190 5574 1269 5652 ittet
1293 5575 1495 5660 Catoniana,
1529 5581 1579 5645 bet
1610 5577 1776 5658 sJthttclittit
1804 5593 1863 5644 aaa
1886 5572 2011 5649 soenes

614 5693 662 5753 ta·
685 5685 884 5767 suspectiora
908 5684 1186 5768 Obtilttttthung,
1211 5691 1261 5754 brt
1283 5683 1536 5771 Oitensiteihett,
1559 5693 1608 5755 tet
1627 5687 1816 5771 tJtttitaiatihts
1838 5694 1898 5756 unt
1922 5691 2012 5768 ittera
