4686 6548
646 707 711 782 122

646 912 695 982 uti
723 909 816 1009 apud
843 887 1012 1008 quasdam
1050 906 1243 1006 peculiares
1267 905 1449 979 Ecclesiae
1484 903 1682 976 iamdudum
1717 903 1868 1004 gaudet,
1903 906 1937 974 in
1975 907 2049 976 uni-

646 1083 745 1130 versa
773 1055 934 1128 Ecclesia
963 1054 1030 1126 coli
1057 1065 1162 1153 queat
1195 1079 1273 1124 cum
1311 1051 1430 1124 officio
1467 1063 1502 1124 et
1537 1055 1639 1123 missa
1673 1052 1741 1122 ritu
1776 1048 1925 1149 duplici,
1965 1049 2050 1122 illud

645 1207 758 1305 ipsum
798 1201 1018 1275 statuendum
1057 1199 1232 1272 humiliter
1271 1199 1492 1299 postularunt
1518 1200 1647 1270 Patres
1679 1197 1886 1269 novissimae
1914 1197 2052 1299 Synodi

646 1351 915 1452 Burdigalensis
943 1375 985 1422 eo
1013 1348 1139 1441 modo,
1175 1375 1245 1446 quo
1271 1374 1341 1420 uon
1369 1347 1484 1419 multis
1509 1345 1637 1418 abhinc
1665 1348 1766 1417 annis
1793 1344 1928 1418 Summi
1953 1345 2050 1416 Pon-

646 1499 756 1574 tifices
783 1498 827 1572 de
850 1497 887 1572 S.
915 1498 1027 1569 Petro
1055 1495 1298 1597 Cbrysologo,
1324 1495 1435 1568 Petro
1459 1495 1625 1567 Damiani
1651 1494 1862 1594 Episcopis,
1895 1519 1936 1564 ac
1963 1494 2051 1566 Ber·

646 1646 756 1720 nardo
783 1642 927 1719 Abbate
954 1642 1136 1744 praeclare
1165 1653 1366 1713 statuerunt.
1421 1641 1575 1714 Sanctus
1609 1667 1732 1739 nempe
1765 1640 1925 1712 Hilarius
1962 1643 2051 1712 inter

645 1792 764 1866 mundi
792 1790 966 1892 procellas
989 1817 1139 1891 magnus
1166 1789 1230 1860 luit
1255 1789 1438 1861 Ecclesiae
1465 1799 1689 1882 sustentator,
1715 1788 1940 1862 occidentalis
1966 1789 2049 1862 tuba

645 1953 766 2016 eontra
796 1937 973 2032 Arianos,
1009 1965 1073 2031 ac,
1107 1949 1194 2009 teste
1219 1937 1460 2037 Hieronymo,
1494 1937 1726 2009 confessionis
1752 1963 1836 2009 suae
1862 1941 1985 2010 merito
2010 1966 2051 2011 ac

645 2093 735 2162 vitae
762 2086 931 2160 industria
958 2097 993 2157 et
1016 2084 1237 2184 eloquentiae
1272 2083 1428 2156 claritate
1454 2083 1586 2184 ubique
1623 2084 1863 2183 praedicator,
1904 2087 2050 2184 eiusque

645 2235 755 2308 libros
782 2233 1086 2332 eloquentissimos
1114 2233 1287 2304 iuoll‘enso
1314 2232 1403 2331 pede
1430 2231 1567 2304 decurri
1592 2259 1634 2304 ae
1659 2231 1731 2334 legi
1757 2259 1860 2334 posse
1882 2235 1958 2304 sine
1980 2232 2050 2304 ulla

645 2385 775 2456 erroris
802 2382 1018 2482 suspicione:
1046 2381 1107 2479 qui
1133 2381 1265 2480 pariter
1289 2404 1309 2449 a
1332 2379 1526 2452 clarissimo
1554 2379 1738 2452 Ecclesiae
1764 2379 1893 2452 lumine
1916 2381 1956 2455 S.
1976 2383 2051 2453 Au·

646 2533 787 2632 pustino
814 2532 850 2602 iu
876 2526 967 2600 libro
995 2537 1117 2600 contra
1142 2525 1316 2599 lulianum
1343 2528 1485 2598 summis
1519 2526 1682 2601 laudibus
1718 2527 1910 2600 extollitur:
1953 2503 2051 2600 cuius

646 2678 783 2750 demum
804 2675 892 2748 lides
917 2699 958 2746 ac
984 2673 1142 2748 doctrina
1170 2699 1189 2744 a
1219 2675 1366 2746 caeteris
1384 2673 1553 2746 Patribus
1580 2673 1696 2746 latinis
1717 2686 1751 2748 et
1768 2677 1905 2774 graecis
1922 2700 2050 2774 magno

645 2830 680 2898 in
709 2826 842 2899 bonore
870 2824 1026 2899 babetur.
1081 2825 1220 2899 SSmus
1248 2827 1422 2897 Dominus
1449 2823 1582 2898 Noster
1608 2826 1698 2897 Pius
1723 2826 1826 2925 Papa
1847 2825 1912 2898 lX.
1940 2827 2051 2898 enixis

645 2975 741 3048 bisce
767 2973 1111 3074 precibussattentis,
1140 2999 1181 3044 ac
1209 2973 1331 3045 voleus
1355 2972 1422 3045 boe
1450 2973 1610 3046 solatium
1633 2973 1864 3072 Episcopatui
1892 2973 2051 3068 reddere,

645 3151 686 3196 ac
714 3123 889 3223 peculiare
917 3121 1024 3193 decus
1050 3119 1145 3192 fideli
1174 3119 1372 3192 Galliarum
1397 3119 1580 3191 Ecclesiae
1618 3118 1772 3191 tribuere
1811 3120 1877 3192 boc
1913 3121 2051 3220 potissi·

645 3298 737 3343 mum
765 3295 876 3362 aevo,
917 3295 988 3367 quo
1024 3280 1121 3339 vetus
1151 3265 1365 3340 atrianorum
1401 3293 1500 3340 error
1540 3269 1739 3360 reviviscit,
1781 3271 1966 3368 negocium
2008 3265 2051 3336 da

645 3443 742 3490 more
769 3415 961 3488 Sacrorum
989 3415 1135 3487 Rituum
1164 3411 1443 3514 Cougrcgationi
1479 3413 1675 3488 librandum
1712 3417 1892 3487 commisit.
1946 3415 2050 3507 Quae

643 3569 679 3638 in
709 3563 908 3638 Ordiuariis
935 3565 1083 3636 comitiis
1112 3562 1204 3662 apud
1231 3561 1423 3636 Vaticanus
1461 3520 1566 3634 aedes
1604 3561 1799 3661 subscripta
1837 3562 1893 3634 die
1920 3561 2050 3636 coadu-

646 3725 746 3806 nata,
774 3713 943 3784 referente
971 3711 1063 3782 Emo
1092 3711 1246 3782 Domino
1274 3707 1455 3782 Cardinali
1482 3708 1670 3782 Ludovieo
1698 3708 1846 3802 Altieri,
1873 3711 1958 3782 visis
1985 3708 2046 3781 ob·

643 3862 742 3932 iactis
773 3885 837 3958 per
864 3859 912 3930 R.
938 3857 983 3928 P.
1010 3858 1056 3929 1).
1091 3855 1270 3929 Andrcam
1292 3856 1442 3927 Mariam
1470 3855 1618 3928 Erattini
1648 3855 1801 3927 Sanctae
1830 3855 1930 3927 Fidei
1959 3856 2051 3927 Pro·

644 4017 812 4080 motorem
839 4007 1014 4107 oppositis
1042 4007 1077 4076 in
1104 4001 1465 4076 animadversionibus
1491 4005 1526 4074 in
1556 4001 1706 4073 medium
1733 4001 1898 4101 prolatis,
1938 4005 2050 4102 iisque

644 4156 806 4232 omnibus
834 4180 897 4254 prr
918 4154 1138 4226 Defensores
1165 4151 1300 4244 solutis,
1328 4178 1365 4223 re
1393 4153 1561 4224 maturius
1587 4175 1760 4251 perpensa
1782 4162 1816 4222 et
1843 4155 2050 4243 examinata,

644 4333 684 4378 ea
709 4306 773 4378 l'uit
800 4305 973 4377 unanimis
999 4303 1170 4374 Emorum
1198 4326 1240 4373 ac
1266 4301 1438 4372 limorum
1466 4300 1615 4371 Patrum
1643 4301 1826 4394 sententia,
1852 4309 1891 4371 ut
1918 4299 2051 4371 scilieet

644 4453 908 4527 rescriberetur:
949 4479 1039 4552 „pro
1066 4453 1179 4554 gratia
1204 4449 1478 4524 confirmationis
1505 4448 1618 4521 Tituli
1644 4449 1833 4540 Ductoris,
1869 4461 1903 4520 et
1929 4461 2049 4522 eaten-

644 4604 753 4676 sionis
780 4599 933 4675 eiusdem
961 4599 1072 4673 Tituli
1100 4627 1179 4672 cum
1215 4597 1335 4672 officio
1372 4611 1406 4670 et
1438 4599 1543 4670 missa
1576 4600 1644 4670 ritu
1681 4595 1811 4697 duplici
1838 4595 1883 4668 ad
1910 4598 2048 4669 univer-

645 4777 720 4824 sam
755 4749 956 4823 Ecclesiam
994 4751 1030 4820 in
1070 4748 1240 4820 bonorem
1280 4747 1319 4820 S.
1356 4747 1486 4820 Hilarii
1521 4747 1692 4846 Episcopi
1723 4746 1975 4837 Pictavorum,
2019 4745 2049 4816 si

592 4915 603 4931 “
645 4900 765 4975 SSmo
791 4897 987 4999 placuerit“
1014 4898 1085 4970 Die
1114 4895 1163 4970 29
1191 4921 1310 4968 mense
1333 4897 1458 4969 martio
1485 4921 1577 4967 anno
1604 4891 1714 4966 1851.

749 5047 889 5119 Horum
922 5047 1075 5118 omnium
1103 5055 1137 5116 et
1164 5042 1383 5143 singulorum
1410 5042 1501 5114 lacta
1530 5039 1751 5139 postmodum
1786 5038 1899 5110 eidem
1929 5037 2048 5111 SSmo

645 5196 800 5267 Domino
834 5191 967 5264 Nostro
999 5191 1070 5262 Pio
1097 5191 1222 5288 Papae
1249 5189 1315 5260 lx.
1356 5213 1419 5286 per
1456 5213 1512 5258 me
1550 5185 1784 5284 subscriptum
1812 5181 2047 5256 Secretarium

644 5341 740 5413 lideli
766 5339 953 5432 relatione,
986 5337 1164 5411 Sanctitas
1192 5337 1267 5411 Sua
1295 5335 1427 5409 Sacrae
1454 5333 1753 5434 congregationis
1779 5334 1984 5430 rescriptum
2013 5331 2047 5402 in

645 5486 807 5560 omnibus
834 5484 1042 5585 adprobavit
1068 5496 1103 5558 et
1128 5485 1365 5585 confirmavit,
1392 5511 1434 5558 aa
1461 5483 1611 5584 desuper
1638 5480 1867 5582 Apostolicas
1892 5480 2048 5554 Litteras

645 5638 681 5708 iu
708 5635 820 5708 forma
849 5635 976 5708 Brevis
1004 5635 1160 5736 expediri
1187 5636 1296 5706 iussit
1349 5635 1420 5706 Die
1454 5629 1478 5704 4
1512 5655 1630 5702 meuse
1666 5627 1767 5728 aprili
1794 5653 1887 5700 anno
1915 5625 2047 5700 eodem.
