4686 6548
1655 643 1720 718 14?
1876 693 1878 698 ,

321 885 385 958 per
411 859 660 930 Promotorcm
685 853 786 928 Eidei
814 857 850 926 in
873 851 1022 926 medinm
1050 850 1214 950 prolatis,
1247 849 1360 945 iisque
1386 843 1548 918 omnibus
1575 870 1637 942 per
1664 841 1722 914 dc-

323 1007 481 1078 lensores
508 1004 643 1098 solutis,
668 1030 707 1076 rc
732 1015 864 1077 mature
893 1025 1066 1102 perpensa
1092 998 1297 1096 libratisque
1325 992 1529 1087 rationibus
1558 985 1723 1066 concordi

324 1153 494 1253 suffragio
517 1150 781 1225 rescribendum
808 1159 1034 1222 censuerunt:
1069 1147 1171 1240 „Pro
1198 1145 1311 1244 gratia
1338 1140 1611 1216 confirmationis
1638 1139 1725 1212 tituli

322 1299 505 1392 Ductoris,
533 1311 568 1372 et
595 1300 807 1372 extensionis
836 1295 989 1370 eiusdem
1015 1293 1105 1366 tituli
1130 1320 1207 1366 cnm
1233 1291 1352 1364 cilicio
1378 1301 1412 1364 et
1428 1291 1540 1362 Missa
1568 1289 1636 1360 ritu
1663 1286 1725 1358 du·

195 1434 197 1438 ⁵
303 1451 406 1551 >plici
428 1448 474 1521 ad
496 1448 694 1518 universam
719 1443 916 1516 Ecclesiam
944 1444 979 1512 in
1006 1441 1176 1514 honorem
1211 1437 1250 1512 S.
1278 1438 1407 1510 Hilarii
1433 1437 1603 1536 Episcopi
1642 1435 1724 1506 Pic-

322 1613 502 1690 tavorum‚
529 1598 559 1668 si
588 1593 818 1668 Sanctissimo
840 1589 1046 1691 placuerit.“
1098 1587 1177 1661 Nos
1200 1587 1307 1686 igitur
1345 1587 1454 1678 votis,
1490 1585 1724 1684 precibusque

321 1746 471 1816 Petrum
492 1743 693 1840 nuperimae
712 1737 850 1839 Synodi
869 1735 1138 1836 Burdigaleusis
1165 1729 1406 1806 obsecundare
1435 1731 1603 1828 volentes,
1628 1731 1724 1804 debi-

324 1902 466 1988 tumque
492 1897 670 1989 praestare
706 1885 876 1960 bonorem
911 1885 1143 1960 Sanctissimo
1176 1877 1358 1973 Antistiti,
1394 1883 1455 1979 qui
1480 1882 1618 1980 scriptis
1653 1881 1725 1952 suis

326 2035 546 2112 Catholicam
572 2034 767 2108 doctrinam
793 2031 994 2126 illustravit,
1028 2032 1072 2106 de
1096 2030 1242 2105 consilio
1270 2029 1527 2129 praedictorum
1555 2027 1725 2102 Cardina-

173 2227 178 2235 ·
223 2261 224 2264 ,
322 2185 407 2258 lium
434 2195 527 2258 certa
551 2185 715 2276 scicntia,
741 2207 783 2254 ac
808 2195 943 2255 matura
968 2179 1219 2254 deliberatione
1245 2178 1395 2272 Nostra,
1429 2175 1542 2276 deque
1570 2170 1724 2275 Aposto-

323 2334 411 2407 licae
448 2335 664 2407 auctoritatis
698 2331 912 2431 plenitudine
952 2327 1086 2403 Sancto
1123 2327 1264 2400 Hilario
1297 2327 1513 2400 Pictavicnsi
1542 2326 1731 2424 Episcopo¹

322 2479 459 2554 titulum
485 2481 665 2572 Doctoris‚
693 2505 764 2578 qno
792 2474 923 2578 gaudet
949 2476 1043 2577 apud
1070 2477 1263 2578 peculiares
1289 2475 1492 2570 Ecclesiae,
1527 2485 1639 2548 ratum
1664 2473 1726 2546 ba·

324 2626 447 2702 bemus
474 2640 578 2728 atque
607 2628 865 2722 confirmamus,
890 2651 1038 2726 eumque
1066 2623 1236 2698 Sanctum
1254 2627 1456 2698 Antistitem
1481 2623 1604 2698 eodem
1630 2623 1724 2694 Doc-

323 2779 410 2850 toris
434 2776 547 2871 titulo,
574 2803 627 2849 ac
642 2775 813 2876 dignitate
838 2801 917 2846 cum
936 2772 1070 2847 Officio
1097 2800 1139 2846 ac
1157 2775 1268 2847 Missa
1291 2775 1379 2846 ritus
1403 2771 1552 2872 duplicis
1578 2770 1625 2844 ab
1651 2775 1726 2844 uni-

323 2949 425 2996 versa
447 2925 493 3032 in.
509 2933 688 3023 posterum
714 2921 877 2994 Ecclesia
905 2921 973 2993 coli
1000 2921 1160 2995 volumus
1187 2946 1228 2993 ae
1254 2919 1469 2994 mandamus.
1520 2921 1725 2994 Decernen·

325 3080 389 3162 tes,
415 3067 480 3140 bas
499 3079 703 3168 praesentes
724 3069 880 3140 Litteras
907 3065 1037 3162 firmas,
1065 3067 1198 3140 validas
1225 3080 1260 3140 et
1286 3067 1447 3140 efficaces
1474 3093 1551 3140 esse
1577 3081 1612 3140 et
1637 3069 1725 3163 fore,
1845 3105 1847 3108 ·

325 3243 478 3316 suosque
513 3217 690 3316 plenarios
726 3227 760 3288 et
796 3216 953 3315 integros
987 3217 1132 3290 effectus
1168 3217 1285 3290 sortiri
1322 3242 1363 3288 ac
1398 3213 1574 3310 obtinere,
1610 3227 1645 3288 et
1680 3215 1725 3288 ad

325 3363 461 3438 titulum
486 3366 657 3439 Doctoris
684 3363 723 3438 S.
750 3363 891 3436 Hilario
922 3361 1150 3434 Pictavorum
1180 3361 1363 3460 Episcopo
1396 3359 1442 3432 ab
1466 3364 1629 3434 universa
1655 3361 1726 3436 Ec·

325 3512 430 3586 clesia
456 3512 678 3584 tribuendum
699 3511 898 3610 plenissime
926 3511 1133 3609 suffragari,
1167 3511 1287 3609 sicque
1313 3534 1377 3608 per
1412 3535 1641 3610 quoscunque
1669 3511 1725 3582 lu·
1762 3529 1768 3551 ⁸

324 3658 420 3732 dices
442 3657 654 3732 0rdiuarios
681 3670 715 3730 et
741 3657 957 3758 Delegatos‚
985 3655 1155 3732 etiams.
1181 3657 1229 3729 R.
1262 3659 1307 3730 E.
1336 3655 1544 3731 Cardinalcs
1580 3648 1726 3732 iudicari

323 3833 365 3879 ae
392 3807 530 3880 definiri
556 3807 705 3900 debere,
727 3809 932 3905 irritumque
955 3818 989 3878 et
1011 3809 1134 3899 inane,
1166 3803 1336 3904 quicquid
1364 3830 1466 3877 secus
1495 3831 1600 3904 super
1628 3807 1682 3880 bis
1704 3835 1725 3880 a

325 3980 502 4054 quoquam
525 3958 649 4054 quavis
668 3957 872 4028 auctoritate
888 3957 1037 4029 scienter
1056 3953 1111 4026 vel
1127 3955 1332 4053 ignoranter
1351 3955 1538 4053 contigerit
1555 3960 1726 4030 attentari.

325 4099 407 4174 Non
433 4100 652 4175 obstantibus
679 4101 915 4202 Apostolieis‚
946 4127 988 4174 ac
1015 4103 1050 4174 in
1078 4099 1345 4174 Universalibus
1371 4100 1726 4206 provincialibusque

327 4259 362 4321 ct
388 4246 628 4348 synodalibus
657 4235 826 4323 Conciliis
862 4249 963 4322 editis
990 4247 1213 4350 generalibus
1248 4248 1304 4322 vel
1339 4247 1551 4348 specialibus
1587 4249 1726 4324 Consti-

324 4395 538 4490 tutionibus‚
573 4411 607 4470 et
644 4396 956 4490 ordinationibus,
990 4399 1206 4495 caeterisque
1238 4399 1423 4468 contrariis
1449 4396 1727 4502 quibuscunque.

324 4542 456 4614 Datum
482 4543 620 4614 Romae
647 4542 740 4643 apud
777 4541 815 4618 S.
848 4542 996 4614 Petrum
1028 4540 1094 4614 sub
1131 4541 1275 4614 Annulo
1310 4541 1506 4616 Piscatoris
1541 4543 1597 4618 die
1630 4547 1726 4620 Xlll

321 4690 412 4762 lllaii
438 4715 531 4764 anno
557 4687 796 4765 MDCGCLl
822 4687 1056 4764 Pontificatus
1077 4686 1199 4762 Nostri
1226 4713 1320 4762 anno
1346 4689 1492 4782 Quinto.
1544 4689 1592 4766 Α.
1620 4692 1726 4768 Card.

321 4837 594 4912 Lambruscbini
621 4838 661 4913 S.
688 4840 735 4912 R.
761 4837 803 4912 C.
828 4837 950 4912 Praei.

427 4985 498 5077 20)
525 4985 599 5064 batt
618 4985 732 5079 cirtem
750 4984 978 5080 ttpctclittbea
995 4983 1104 5062 Erebe
1131 4984 1207 5078 ttebt
1233 4985 1279 5061 im
1299 4987 1422 5085 raptim
1439 4984 1725 5089 Salammcabaag

323 5141 386 5213 tat
413 5135 465 5230 fer
490 5134 540 5211 aa
566 5134 715 5231 titdiide
738 5131 875 5234 liturgia
901 5139 912 5180 ¹
938 5131 1086 5210 nataae
1113 5133 1304 5206 Decretum
1321 5130 1431 5206 Urbis
1458 5143 1492 5206 et
1519 5132 1631 5208 Orbis
1648 5151 1724 5214 coar

432 5380 444 5422 ¹
466 5383 513 5454 D.
535 5385 564 5467 b.
587 5384 619 5452 io
640 5389 690 5453 tet
714 5385 845 5466 &oblite
870 5382 901 5450 in
924 5380 1105 5463 atterente
1129 5380 1276 5464 bettbmte
1298 5380 1448 5463 bisatida
1477 5379 1568 5454 butte
1595 5383 1726 5466 amaa

325 5496 651 5578 rosacensem
675 5497 758 5566 1568
781 5495 994 5584 obliquantur
1017 5493 1104 5574 titali
1133 5491 1231 5576 belet.
1275 5492 1349 5578 agi.
1380 5493 1539 5576 Qacstioot
1569 5512 1725 5583 propono

326 5629 345 5674 a
368 5607 513 5676 decussa
535 5609 609 5677 uall’
631 5609 830 5678 Accadcmia
854 5607 1022 5692 Liturgica
1043 5607 1076 5671 in
1098 5605 1209 5672 Roma.
1252 5599 1297 5674 A.
1319 5603 1407 5674 xvl.
1430 5627 1462 5692 p.
1485 5609 1527 5678 23
1549 5629 1596 5694 aq.
