4646 6550
1714 685 1760 760 tc

470 884 500 930 ²⁰
522 885 582 954 Ed.
604 884 693 971 Lips.
717 884 811 954 1825.
835 907 866 970 p.
888 882 1012 968 tlteq.
1056 882 1140 962 outo
1162 885 1264 950 acturi
1286 867 1349 950 sint
1367 884 1398 950 iu
1420 875 1612 970 corporibus
1632 887 1759 952 immor·

366 1001 482 1068 talibus
504 1008 600 1084 atque
623 999 820 1084 spiritalibus
847 999 969 1080 sancti,
1002 1015 1066 1063 non
1097 998 1205 1064 adhuc
1227 1015 1337 1064 eorum
1360 1018 1457 1064 carne
1480 999 1670 1083 carnaliter,
1703 1002 1761 1066 sed

365 1113 551 1198 spiritaliter
573 1114 635 1178 iam
659 1113 803 1194 vivente,
826 1111 1001 1178 videamus.
1045 1109 1087 1176 Et
1109 1113 1164 1178 itte
1187 1112 1315 1195 quidem
1337 1114 1439 1194 actio,
1462 1114 1515 1178 vel
1542 1116 1648 1198 potius
1671 1117 1761 1200 quies

368 1235 465 1312 utque
488 1228 586 1296 otium
609 1227 705 1310 quale
727 1229 867 1294 futurum
895 1227 953 1305 sit,
980 1225 1007 1288 si
1031 1244 1142 1291 verum
1163 1227 1258 1292 velim
1282 1227 1400 1311 dicere,
1423 1231 1543 1296 nescio.
1585 1229 1656 1294 Non
1680 1229 1761 1292 enim

368 1343 434 1408 hoc
454 1359 591 1424 uuquam
615 1358 810 1424 persensus
833 1338 980 1422 corporis
1003 1337 1079 1405 vidi.
1122 1337 1158 1402 Si
1180 1346 1285 1404 autem
1309 1349 1429 1420 mente,
1451 1340 1485 1404 id
1507 1349 1558 1406 εει
1578 1339 1763 1421 intelligen-

369 1455 414 1520 tia
436 1455 558 1520 vidisse
579 1473 630 1518 me
653 1454 776 1536 dicam,
812 1459 962 1536 quantum
993 1458 1061 1534 est,
1093 1459 1149 1518 aut
1178 1451 1253 1536 quid
1285 1460 1335 1516 εει
1355 1460 1467 1518 εοειεε
1488 1451 1699 1536 intelligentia
1722 1451 1763 1515 ad

369 1565 456 1632 illam
479 1565 726 1632 excellentiam?
770 1565 819 1630 lbi
841 1573 892 1630 est
911 1564 995 1630 euim
1018 1583 1083 1647 poc
1103 1563 1175 1645 Dei,
1198 1581 1292 1648 quoe,
1315 1563 1398 1630 sicut
1419 1565 1464 1629 ait
1486 1562 1679 1648 Apostolus,
1710 1581 1764 1629 so·

368 1684 458 1762 peret
480 1695 600 1745 omnem
621 1679 826 1746 intellectum:
862 1696 955 1760 quem
984 1675 1046 1740 nisi
1078 1683 1239 1754 nostrum,
1273 1684 1327 1742 aut
1348 1677 1487 1741 fortasse
1511 1677 1604 1740 etiam
1628 1676 1764 1740 omnium

370 1797 553 1856 sauctorum
578 1789 801 1876 Angelorum‘i
839 1807 902 1854 non
933 1789 1016 1855 euim
1047 1796 1080 1852 et
1107 1787 1176 1854 oet.
1221 1786 1263 1854 Si
1287 1808 1368 1872 ergo
1400 1788 1503 1854 sancti
1534 1788 1565 1852 in
1591 1787 1651 1852 Dei
1684 1807 1765 1871 pecc

369 1903 484 1969 victuri
506 1910 596 1986 sunt,
618 1903 767 1988 prolecto
790 1903 821 1966 in
845 1921 886 1966 ea
907 1920 989 1984 pace
1011 1900 1128 1965 victuri
1149 1908 1238 1984 sunt,
1270 1920 1352 1985 qnae
1373 1908 1505 1985 superat
1525 1918 1648 1965 omnem
1673 1901 1765 1964 intel-

368 2018 494 2084 lectum.
539 2017 693 2095 Quoniam
726 2024 870 2081 nostrum
901 2015 1028 2097 quidem
1061 2021 1211 2098 superat,
1244 2031 1309 2093 non
1339 2020 1390 2077 εει
1421 2012 1568 2078 dubium:
1601 2013 1629 2075 si
1661 2019 1764 2076 autem

369 2137 502 2214 superat
524 2135 557 2194 et
579 2127 800 2211 Angelorum,
832 2135 868 2192 ut
898 2143 959 2192 nac
989 2127 1079 2210 ipsos
1110 2125 1280 2210 excepisse
1302 2125 1468 2209 videatur,
1505 2125 1559 2208 qui
1581 2125 1625 2190 ait
1647 2143 1768 2191 omnem

370 2242 570 2318 intellectum
593 2239 766 2306 secundum
790 2241 854 2305 hoc
874 2239 993 2305 dictum
1016 2257 1089 2304 esse
1112 2239 1265 2304 dehemus
1288 2239 1448 2323 accipere,
1472 2238 1546 2321 quia
1567 2256 1679 2322 pacem
1700 2237 1767 2319 Dei,

371 2374 435 2437 qun
456 2355 527 2438 ipse
548 2353 636 2418 Deus
657 2361 794 2436 pacatus
816 2359 881 2435 est,
913 2353 995 2418 sient
1014 2353 1106 2418 novit
1127 2351 1234 2434 Deus,
1267 2371 1330 2418 non
1354 2373 1424 2418 eam
1447 2369 1506 2416 nor
1529 2351 1577 2417 sic
1599 2369 1768 2435 possumus

370 2485 485 2550 nosse,
520 2485 581 2531 nec
611 2466 667 2532 ulli
698 2464 829 2549 Angeli.
867 2466 1009 2550 'Superat
1029 2466 1138 2548 itaque
1159 2485 1279 2533 εειεεει
1307 2467 1510 2548 intellectum,
1543 2483 1607 2530 non
1639 2464 1767 2530 dubium

371 2579 458 2664 quod
482 2585 614 2664 praeter
635 2596 735 2643 suum.
779 2575 848 2642 Sed
871 2577 945 2660 quia
966 2586 1000 2643 ει
1022 2596 1080 2644 εοε
1103 2598 1164 2662 pro
1186 2578 1283 2646 modo
1304 2587 1416 2646 nostro
1445 2579 1536 2664 pacis
1566 2578 1635 2644 eius
1666 2577 1768 2661 parti·

371 2693 460 2776 cipes
482 2691 558 2757 lacti
580 2709 733 2754 summam
754 2689 788 2754 in
810 2690 906 2754 uobis
930 2697 1027 2774 atque
1050 2692 1133 2756 iuter
1155 2711 1214 2758 nos
1237 2702 1270 2758 ει
1292 2713 1361 2760 cum
1384 2695 1457 2778 ipso
1472 2711 1594 2778 pacem,
1618 2701 1768 2774 quantum

370 2813 513 2870 nostrum
536 2821 690 2868 summum
713 2809 781 2884 est,
814 2802 1043 2869 obtinebimus:
1079 2805 1142 2870 isto
1165 2805 1262 2870 modo
1287 2823 1348 2890 pro
1371 2823 1430 2870 suo
1452 2805 1548 2872 modo
1570 2805 1675 2870 sciunt
1697 2825 1768 2870 eam

371 2918 475 2982 sancti
496 2913 633 2999 Angeli,
667 2914 815 2980 homines
847 2924 952 2981 antem
984 2936 1069 2984 nuuc
1097 2918 1195 3002 longe
1225 2918 1327 3002 intra,
1360 2919 1590 3001 quantumlibet
1613 2927 1768 3002 provectu

371 3031 485 3096 mentis
507 3029 669 3094 excellant
690 3035 752 3093 eto.

476 3137 507 3184 ²¹
529 3141 567 3207 tt.
590 3139 703 3208 Aurel.
725 3144 889 3226 Augustini
909 3144 1148 3228 Meditationes,
1172 3142 1356 3228 Soliloqnin*
1374 3152 1408 3210 ει
1429 3143 1589 3210 Manuale.
1621 3143 1771 3229 Lugduni

375 3256 467 3326 1675.
490 3277 565 3344 pag.
580 3255 624 3324 ot
639 3276 686 3340 sq.
731 3257 838 3324 Mater
853 3257 1062 3340 Hierusalem,
1085 3259 1201 3325 civitas
1225 3267 1338 3326 sancta
1353 3257 1421 3340 oei,
1444 3258 1631 3324 charissima
1652 3277 1771 3343 sponsa

373 3368 508 3436 Christi:
535 3377 569 3435 te
600 3379 686 3436 emat
715 3389 772 3438 cor
800 3392 919 3450 meum,
951 3373 1218 3456 pulchritudinem
1242 3380 1327 3438 tuam
1349 3372 1477 3437 nimium
1500 3371 1662 3438 desiderat
1682 3392 1771 3438 mens

373 3501 453 3547 mea.
498 3480 525 3546 0
557 3501 651 3565 quam
683 3483 823 3566 decora,
855 3504 949 3566 quam
980 3485 1142 3568 gloriosa,
1174 3505 1269 3568 quam
1300 3503 1461 3568 generosa
1493 3492 1526 3551 tu
1558 3503 1643 3550 es..
1679 3483 1771 3550 Felix

264 3675 266 3680 Ι
373 3595 478 3660 anima
499 3615 570 3660 mea
593 3615 785 3680 semperque
807 3597 884 3662 salix
905 3598 938 3660 in
961 3598 1105 3664 saecula:
1140 3597 1166 3662 si
1198 3597 1312 3664 intueri
1344 3615 1493 3662 meruero
1516 3597 1653 3680 gloriam
1676 3605 1771 3680 tuam,

373 3710 600 3776 beatitudiuem
623 3719 723 3795 tuam,
746 3711 1017 3796 pulchritudinem
1040 3719 1142 3794 tuam,
1166 3718 1278 3794 portas
1301 3717 1334 3775 et
1355 3727 1464 3775 muros
1486 3717 1519 3776 et
1542 3710 1666 3794 plateas
1689 3719 1771 3793 tuas,

372 3831 405 3886 ει
427 3825 608 3890 mansiones
631 3831 702 3891 tuas
725 3826 858 3908 multas,
882 3825 1095 3892 nobilissimos
1118 3824 1206 3890 cives
1229 3832 1320 3907 tuos,
1354 3831 1388 3889 ει
1415 3825 1620 3890 fortissimum
1647 3822 1770 3906 Regem

372 3945 459 4002 tuum
481 3938 513 4000 in
536 3937 657 4003 decore
680 3957 746 4003 sno.
792 3937 877 4004 hluri
900 3958 1038 4022 namque
1062 3938 1107 4002 tui
1129 3959 1170 4005 ex
1192 3937 1355 4020 lapidibus
1378 3938 1538 4021 pretiosis,
1562 3944 1676 4020 portae
1697 3945 1771 4002 tuae

373 4067 412 4112 en
434 4050 616 4132 margaritis
639 4051 776 4134 optimis,
800 4052 930 4135 plateae
952 4063 1027 4118 tuae
1049 4073 1091 4118 ex
1113 4069 1193 4117 auro
1215 4051 1402 4133 purissimo,
1424 4051 1455 4114 in
1475 4051 1588 4133 quihus
1603 4049 1771 4116 iucundum

372 4157 537 4226 Alleluiah
571 4163 640 4228 sine
670 4164 907 4232 intermissione
939 4168 1134 4248 concinitur;
1166 4165 1348 4245 mansiones
1381 4172 1456 4230 tuae
1487 4165 1607 4229 multae
1640 4163 1772 4246 quadris

372 4275 533 4359 lapidibus
553 4275 727 4360 fundatae,
758 4279 920 4363 sapphiris
943 4287 1167 4360 constructae,
1199 4279 1363 4344 laterculis
1386 4285 1560 4364 coopertae
1584 4279 1706 4344 aureis:
1741 4278 1771 4342 iu

373 4405 453 4470 quas
475 4386 580 4452 nullus
602 4388 800 4470 ingreditur,
832 4390 893 4456 nisi
921 4393 1073 4478 mundus,
1106 4392 1212 4458 nullus
1234 4393 1359 4460 habitat
1381 4393 1570 4476 inquinatus.
1616 4390 1772 4475 Speciosa

371 4500 458 4565 lacta
480 4518 516 4563 en
539 4505 572 4562 et
596 4502 706 4565 sunnis
737 4501 769 4566 in
802 4501 927 4570 deliciis
959 4507 1038 4589 tuis,
1073 4513 1176 4572 mater
1198 4506 1407 4572 Hierusalem.
1451 4505 1538 4570 Nihil
1568 4505 1600 4570 in
1632 4511 1664 4568 ta
1697 4504 1772 4586 tale,

373 4612 468 4694 quale
490 4612 545 4678 hic
566 4613 723 4697 patimur:
759 4616 866 4698 qualia
900 4617 931 4681 in
962 4619 1026 4684 hac
1056 4619 1174 4684 misera
1196 4619 1263 4683 vita
1285 4621 1454 4684 cernimus.
1497 4618 1570 4683 Non
1588 4592 1665 4684 'suut
1684 4619 1717 4683 iu
1741 4627 1772 4684 te

374 4727 538 4809 tenebrae,
561 4733 616 4794 εει
638 4745 717 4810 uox,
740 4735 796 4794 aut
815 4729 982 4812 ¹quaelihet
1004 4705 1177 4797 diversitas
1200 4739 1378 4817 temporum
1394 4781 1423 4797 ..
1447 4729 1505 4796 Sol
1527 4731 1666 4797 iustitiae
1688 4751 1772 4797 sem-

374 4857 435 4922 per
455 4838 612 4904 illumiuat
633 4847 674 4904 te.
719 4837 836 4925 Agnus
859 4841 1015 4909 candidus
1037 4852 1071 4910 et
1091 4845 1332 4927 immaculatus,
1365 4846 1504 4912 lucidum
1537 4852 1571 4910 et
1592 4844 1773 4929 pulcherri-

375 4967 458 5014 mum
481 4957 531 5014 est
553 4951 659 5016 lumen
684 4960 769 5018 tunm
784 5001 814 5018 ..
837 4954 912 5039 lpse
927 4955 998 5022 Rex
1021 4979 1134 5042 regum
1156 4961 1188 5024 in
1211 4961 1317 5025 medio
1340 4960 1395 5042 tui,
1417 4966 1451 5024 ει
1464 4957 1556 5042 pueri
1572 4956 1641 5022 eius
1656 4954 1688 5020 in
1710 4957 1774 5020 cir·

376 5063 461 5128 cuitu
498 5063 575 5130 eins.
627 5064 675 5132 lbi
710 5067 886 5150 hymnidici
915 5066 1118 5154 Angelorum
1156 5073 1256 5140 chori.
1309 5071 1357 5138 lbi
1391 5071 1531 5138 societas
1564 5087 1774 5152 supernorum

375 5175 505 5242 civium:
535 5177 579 5242 ibi
602 5177 705 5244 dulcis
727 5179 912 5246 solemnitas
936 5184 1090 5269 omnium,
1113 5189 1155 5252 ah
1178 5189 1243 5254 hac
1264 5187 1349 5253 tristi
1370 5185 1634 5272 peregrinatione
1655 5183 1696 5248 ad
1719 5189 1774 5247 tua

374 5287 496 5374 gaudia
527 5290 736 5358 redeuntium.
788 5293 836 5360 lbi
869 5294 1107 5380 Prophetarum
1144 5300 1303 5382 providus
1338 5299 1466 5364 chorus.
1521 5296 1570 5362 lbi
1607 5297 1775 5363 duodenus

374 5399 607 5488 Apostolorum
628 5423 787 5472 uumerus
824 5405 873 5472 lbi
894 5408 1170 5478 innumerabilium
1192 5413 1374 5496 Martyrum
1398 5411 1504 5478 victor
1525 5411 1694 5478 exercitus.
1728 5409 1774 5476 lhi

374 5523 559 5584 sanctorum
588 5515 814 5586 Gonlessorum
846 5539 941 5590 sacer
971 5533 1150 5590 conventus
1167 5577 1173 5591 .
1190 5571 1222 5592 ..
1254 5525 1400 5592 exultant
1431 5543 1540 5590 omnes
1572 5525 1603 5590 in
1635 5522 1776 5607 propriis

373 5632 599 5699 mansionibus.
650 5631 768 5720 Dispar
799 5642 849 5701 est
880 5636 986 5719 gloria
1019 5637 1236 5722 singulorum,
1271 5639 1332 5704 sed
1366 5639 1540 5706 communis
1571 5643 1622 5702 εει
1654 5636 1775 5702 laetitia

1522 5739 1570 5808 5}
