4646 6550
1689 715 1733 792 ii

349 947 382 1001 er
406 924 443 1016 itt
469 922 519 999 eia
545 919 801 1022 fflargefrtmutt'
828 921 894 998 einr
920 917 1082 1012 ttrittueite
1107 919 1325 1018 itntisinetiua
1348 903 1523 1022 tet'„pax
1549 923 1619 994 Dei
1645 947 1735 1022 quae

348 1081 490 1172 superat
513 1095 649 1142 omnem
675 1067 912 1142 intellectum“
940 1067 1116 1168 (Philipp.
1143 1068 1207 1142 lv.
1235 1069 1279 1160 7)
1291 1125 1303 1166 ,
1340 1068 1416 1147 tibet
1450 1069 1556 1164 mitte
1592 1071 1644 1165 ii&
1682 1078 1737 1146 bet

349 1219 395 1312 tt.
421 1219 617 1319 inpatiens
641 1219 675 1294 ia
703 1215 799 1309 inam
825 1216 959 1291 Civitas
986 1217 1056 1290 Dei
1081 1193 1207 1290 XXil.
1231 1217 1280 1291 29
1304 1225 1337 1266 ²⁰
1362 1217 1525 1294 nubantet
1552 1227 1618 1296 unt
1643 1226 1737 1296 maen

347 1365 531 1462 sneisane
568 1366 602 1442 in
640 1373 711 1441 tem
744 1375 807 1442 aut
839 1371 892 1440 tet
925 1362 986 1440 25.
1012 1363 1212 1443 §tintinna
1245 1365 1403 1458 tcttettm
1427 1363 1678 1459 §inuenientes
1704 1370 1736 1411 ²¹

348 1515 534 1616 geiuipttrn
559 1521 625 1590 unt
651 1510 1126 1607 aont1.tten1seaniast
1151 1515 1185 1590 in
1212 1481 1407 1611 abattniitte
1433 1513 1535 1608 &orm
1560 1511 1737 1614 gebruutm

349 1662 507 1758 panant
535 1660 622 1757 „Ad
648 1664 811 1762 perennis
836 1663 927 1734 vitre
949 1661 1105 1734 fontem“
1129 1667 1162 1710 ²²
1186 1663 1330 1763 fulgente
1355 1660 1497 1759 pectitur
1523 1659 1738 1758 &niteram

350 1809 512 1900 rabasten:

451 2036 647 2135 Numquis
674 2044 826 2135 promat,
853 2059 1005 2106 summae
1031 2035 1128 2134 pacis
1155 2045 1284 2134 quanta
1311 2037 1355 2106 sit
1380 2034 1520 2127 laetitia,

453 2183 512 2257 ubi
538 2185 627 2256 vivis
653 2185 849 2283 margaritis
875 2191 1023 2283 surgunt
1049 2181 1219 2277 aedificia,

452 2357 538 2404 auro
566 2330 658 2404 eelsa
685 2333 813 2404 micant
835 2341 946 2425 teeta,
970 2330 1106 2404 radiant
1131 2329 1305 2404 triclinia?

454 2479 551 2554 Solis
577 2481 723 2582 gemmis
750 2481 912 2578 pretiosis
938 2478 994 2552 hie
1020 2489 1191 2552 structura
1219 2481 1377 2572 nectitur,

453 2653 539 2700 auru
567 2626 695 2698 mundo
719 2635 883 2725 tanquam
908 2628 998 2698 vitro
1024 2623 1121 2697 urbis
1144 2627 1200 2696 via
1227 2626 1402 2718 sternitur,
1468 2652 1473 2672 ¹

454 2772 553 2846 abest
574 2773 694 2868 limus,
722 2773 818 2846 deest
841 2773 962 2868 fimus,
986 2773 1061 2846 lues
1088 2771 1182 2845 nulla
1209 2774 1371 2845 cernitur.

453 2923 579 2995 Hiems
606 2920 770 3016 horrens,
805 2933 922 2994 aestus
947 2932 1084 2994 torrens
1111 2919 1182 2993 illie
1205 2947 1392 3022 numquam
1419 2920 1588 3012 saeviunt,

454 3070 522 3144 ilos
547 3094 743 3170 purpureus
768 3095 926 3142 rosarum
948 3095 1009 3142 ver
1033 3071 1107 3171 agit
1128 3081 1344 3170 perpetuum,

455 3215 605 3290 candent
630 3215 724 3310 lilia,
745 3213 899 3289 rubescit
924 3241 1069 3312 crocus,
1095 3216 1197 3290 sudat
1222 3215 1424 3290 balsamum.

455 3364 581 3439 Virent
606 3375 726 3464 prata,
752 3375 898 3436 vernant
924 3377 1017 3459 sata,
1040 3365 1158 3436 savum
1183 3363 1293 3436 mellis
1320 3362 1480 3456 influunt,

455 3515 712 3614 pigmentorum
738 3515 847 3612 spirat
872 3511 960 3584 odor
985 3511 1102 3612 liquor
1128 3523 1162 3586 et
1184 3524 1389 3606 aromatum,

455 3659 608 3761 pendent
632 3686 736 3760 poma
761 3659 964 3733 floridorum
990 3685 1061 3732 non
1087 3659 1227 3762 lapsura
1254 3686 1442 3734 nemorum.

456 3807 539 3882 Non
566 3807 713 3880 alternat
736 3807 818 3880 luna
846 3809 938 3880 vices
965 3807 1018 3881 sol
1044 3807 1099 3881 vei
1122 3835 1245 3882 eursus
1271 3807 1435 3906 siderum,

458 3981 571 4056 agnus
598 3967 650 4027 est
673 3954 784 4027 felicis
807 3952 904 4027 urbis
930 3953 1047 4028 lumen
1075 3955 1294 4050 inoeeidium,

457 4129 527 4174 nox
551 4113 585 4174 et
610 4114 745 4202 tempus
769 4102 913 4198 desunt,
940 4129 1062 4176 aevum
1090 4103 1181 4176 diem
1206 4105 1273 4178 fert
1299 4105 1508 4176 continuum.

457 4251 548 4323 Nam
575 4262 608 4324 et
633 4254 744 4324 saneti
765 4253 896 4352 quique
923 4252 1015 4324 velut
1040 4251 1094 4325 sul
1116 4251 1316 4352 praeclarus
1341 4249 1497 4345 rutilant,

458 4414 538 4502 post
564 4401 772 4503 triumphum
800 4405 957 4475 coronati
982 4414 1101 4475 mutuo
1128 4401 1342 4474 eoniubiiant

460 4563 493 4622 et
518 4551 682 4649 prostrati
708 4575 846 4649 pugnas
871 4547 982 4620 hostis
1008 4551 1075 4621 iam
1102 4552 1215 4622 securi
1239 4559 1429 4622 numerant.

461 4695 570 4772 Omni
595 4694 675 4768 labe
701 4695 869 4770 defaecati
896 4699 1010 4768 earnis
1034 4695 1126 4769 belia
1152 4699 1324 4790 nesciunt,

460 4871 543 4918 earo
569 4845 660 4918 saeta
685 4845 849 4945 spiritalis
876 4856 910 4918 et
933 4871 1030 4918 mens
1052 4873 1159 4918 unum
1184 4845 1328 4941 fuciunt,

461 5019 548 5092 paee
574 4992 680 5067 multa
704 4993 921 5094 perfruentes
944 4992 1107 5066 seandala
1134 5020 1205 5067 nun
1229 4994 1417 5094 perierunt.

669 5203 825 5303 (Quen,
851 5231 869 5286 a
896 5228 993 5288 uuna
1018 5211 1099 5288 niet
1125 5213 1164 5304 tie
1190 5211 1368 5306 asturiam,

668 5357 774 5448 Senes
796 5357 950 5452 &debent
972 5356 1176 5453 tirhtittteit:

668 5505 723 5596 811
746 5513 800 5582 ber
826 5505 955 5602 minet,
980 5513 1036 5584 aa
1059 5507 1138 5606 cwig
1161 5505 1279 5601 triam,

670 5651 779 5748 ὒιιτῲ
804 5655 853 5732 bie
879 5647 1027 5748 &attuit
1050 5653 1137 5752 [attii
1162 5658 1297 5750 wenta

1498 5763 1545 5834 ⁴!
