4686 6548
1644 689 1704 764 121
1768 631 1773 634 ’

303 893 441 984 lumen,
471 889 714 991 Augustinus,
741 893 801 990 qui
829 893 903 963 eius
927 893 1112 990 praecipue
1138 891 1295 964 doctrina
1323 893 1539 995 Pelagianos
1561 893 1707 965 baereti-

301 1030 363 1110 e'os
391 1048 493 1138 urget
520 1063 561 1109 ac
579 1036 731 1132 refellit,
765 1063 829 1110 nec
857 1037 1048 1137 quidquam
1075 1041 1159 1109 tanti
1188 1041 1254 1110 viri
1282 1038 1397 1112 verbis
1422 1039 1617 1112 addendum
1643 1068 1707 1140 pu·

300 1196 387 1256 tans.
431 1181 639 1256 Catholicus
661 1183 831 1283 loquitur,
856 1187 923 1281 ait,
948 1187 1098 1285 insignis
1116 1185 1354 1258 Ecclesiarum
1373 1188 1511 1260 Doctor
1536 1187 1709 1286 loquitur,

301 1329 462 1402 Hilarius
484 1330 640 1430 loquitur
666 1337 686 1401 ¹.
741 1331 838 1424 Quid
866 1331 991 1432 plural
1044 1333 1118 1402 Vix
1144 1331 1251 1404 ullum
1278 1357 1297 1402 a
1325 1343 1450 1429 quarto
1483 1331 1623 1404 saeculo
1654 1357 1708 1404 rc-

303 1479 417 1575 perire
443 1490 496 1549 cst
526 1451 907 1571 Ecclesiae'Patrcm,
947 1481 1021 1551 sive
1048 1478 1143 1578 opud
1168 1479 1339 1572 Latinos,
1375 1480 1449 1550 sive
1481 1482 1583 1553 ctiam
1615 1479 1709 1579 apud

305 1627 465 1702 Graecos
492 1629 527 1698 in
549 1627 760 1699 Latinorum
787 1627 890 1700 laude
916 1631 1153 1728 parcissimos,
1180 1631 1241 1728 qui
1268 1629 1398 1702 Hilarii
1421 1628 1525 1700 lidenr
1562 1641 1596 1700 et
1626 1629 1708 1701 doc·

304 1780 429 1850 trinam
456 1777 599 1848 summis
625 1773 788 1848 laudibus
815 1801 886 1848 uon
908 1776 1077 1850 extulerit
1130 1777 1237 1850 Hanc
1265 1780 1386 1850 miram
1408 1777 1452 1850 de
1480 1805 1522 1850 eo
1550 1778 1709 1852 Orientis

301 1937 407 2024 atque
451 1922 657 1998 Occidentis
698 1923 963 1995 consensionem
999 1923 1192 1996 luculenter
1229 1937 1373 1998 testatur
1411 1937 1635 1999 sacrosancta
1675 1936 1710 1998 et

304 2075 527 2146 oecumenica
553 2071 722 2172 synodus
750 2069 1068 2159 Chalcedonensis,
1093 2073 1129 2142 in
1157 2097 1226 2171 qua
1254 2072 1475 2146 audientibus
1503 2083 1536 2143 et
1557 2071 1710 2171 proban·

305 2219 397 2292 tibus
421 2223 623 2320 quingentis
652 2219 852 2318 Episcopis,
880 2229 914 2290 et
941 2217 981 2291 S.
1007 2219 1142 2292 Leonis
1167 2220 1291 2319 Papae
1313 2222 1474 2322 Legatis,
1499 2223 1708 2320 pronuncia·

310 2380 382 2440 tum
410 2378 462 2440 est
491 2365 581 2438 bene
604 2367 713 2438 luisse
740 2365 845 2438 fldem
872 2365 1117 2465 disceptatum,
1154 2379 1188 2442 et
1213 2367 1384 2441 lirmatam
1417 2394 1437 2439 a
1472 2366 1614 2451 Sanctis
1641 2367 1712 2438 Pa·

307 2513 418 2587 tribus
437 2513 649 2607 Athanasio,
677 2512 828 2614 Cyrillo‚
857 2512 1073 2607 Caelestino,
1097 2515 1238 2588 Hilario
1259 2521 1281 2585 ².
1325 2514 1429 2606 Quae
1453 2539 1531 2585 cunr
1558 2517 1604 2586 itu
1631 2517 1712 2607 sint,

304 2661 373 2734 boe
400 2672 522 2734 nostro
550 2619 783 2761 Episcopatui
809 2661 970 2735 solatium
997 2659 1125 2753 tribue,
1152 2660 1219 2733 boc
1244 2659 1339 2732 lideli
1365 2658 1561 2732 Galliarum
1587 2661 1712 2733 Eccle-

305 2811 377 2882 siae
403 2808 531 2900 dceus,
558 2807 651 2880 bunc
673 2807 856 2907 Religioni
877 2808 1111 2908 triumphum,
1136 2823 1173 2882 ut
1200 2821 1320 2882 nostro
1348 2834 1434 2880 aevo
1451 2808 1614 2902 infelici,
1643 2834 1713 2906 quo

306 2967 406 3029 vetus
433 2958 649 3029 Arianorum
677 2981 776 3027 error
802 2957 989 3051 reviviscit,
1016 2969 1049 3028 et
1075 2956 1259 3058 multor'unr
1288 2959 1423 3028 animos
1449 2959 1591 3055 spiritus
1615 2960 1714 3028 timo·

303 3065 355 3175 'ris
384 3105 538 3203 frangit,
574 3106 764 3176 acerrimus
787 3104 978 3177 divinitatis
1001 3103 1134 3179 Cbristi
1162 3104 1346 3197 delensor,
1381 3131 1484 3205 quem
1513 3107 1629 3180 nullus
1651 3135 1714 3180 un·

310 3276 414 3348 quam
440 3249 612 3322 humanae
639 3254 822 3350 potestatis
849 3255 951 3324 timor
978 3256 1117 3326 vincere
1151 3256 1281 3353 potuit,
1318 3257 1502 3327 universae
1532 3254 1715 3328 Ecclesiae

311 3401 479 3473 Doctoris
506 3399 606 3474 titulo
634 3403 820 3500 insignitus
848 3401 1059 3474 ostendatur.

414 3547 458 3636 7)
488 3545 556 3622 cte
586 3554 656 3622 aem
685 3549 992 3642 catraorbeattitten
1020 3543 1266 3644 (brtdtttttrrtt
1292 3557 1347 3625 ter
1373 3550 1419 3642 tt.
1445 3550 1717 3651 dtiteacrngregoa

307 3696 376 3772 tion
403 3696 668 3792 anteimtctteabe
688 3694 828 3793 &along
855 3713 920 3774 aco
943 3697 1122 3780 corteno
1148 3696 1287 3800 dtergot
1315 3697 1403 3794 arua
1431 3699 1497 3769 ΙΧ.
1525 3699 1622 3791 oteter
1649 3698 1716 3775 bez

195 3939 203 3954 Ι
308 3847 422 3941 atrae,
450 3848 559 3941 welde
584 3853 677 3925 unta
705 3845 907 3947 (linbcltaag
933 3845 1012 3922 adra
1037 3846 1287 3940 tirbeoredttttt
1315 3844 1598 3946 torgrtdprtetraea
1626 3844 1715 3922 turs
1823 3869 1826 3876 ·

309 4018 383 4071 rara
410 3996 459 4070 tte
486 3994 717 4094 unterfutbuag
741 3993 845 4088 {libate
881 4000 947 4069 aab
981 3993 1035 4068 ott
1062 3993 1214 4112 fflflulttl
1249 3991 1336 4082 ittet
1363 3989 1566 4084 beatotum
1593 3992 1716 4091 tolgane
1870 4031 1873 4036 ·

310 4151 367 4220 bat
395 4161 459 4218 aon
486 4139 649 4218 dorcinet
675 4141 913 4235 lambruttbtat
940 4141 993 4217 att
1021 4139 1152 4236 5tlrtatect
1178 4147 1244 4216 aab
1271 4157 1335 4216 aon
1355 4139 1467 4233 {tutati
1489 4138 1542 4215 att
1561 4139 1718 4221 &rocetta

313 4288 573 4386 anteactorum
601 4287 737 4379 blelolat
763 4291 867 4383 tutte,
892 4295 978 4382 baa,
1019 4305 1095 4364 tom
1122 4285 1185 4362 29.
1211 4285 1314 4383 brar,
1345 4282 1440 4358 1851
1470 4287 1586 4380 bctitt,
1625 4293 1718 4364 anter

310 4445 381 4514 teor
409 4435 447 4511 4.
472 4436 567 4531 atsto
593 4436 751 4527 oetlrtbea
778 4434 904 4525 &abaco
931 4437 980 4511 bie
1007 4435 1169 4531 ptptttcbe
1194 4433 1406 4532 beratgar,
1442 4432 1574 4522 erbirttx
1610 4433 1718 4524 Quod
1737 4448 1747 4479 ²

310 4586 529 4682 potissimum
556 4586 591 4655 in
619 4587 710 4656 votis
735 4593 809 4654 erat
832 4580 993 4654 fidelibus
1020 4607 1092 4652 non
1121 4581 1235 4652 minus
1261 4605 1366 4680 quam
1393 4581 1556 4652 universo
1585 4577 1719 4653 Gallia·

314 4759 390 4804 rum
418 4732 532 4824 clero,
560 4757 602 4803 ac
629 4733 817 4830 praecipue
845 4727 1060 4830 Aquitaniae
1084 4729 1310 4821 Provinciae,
1334 4739 1372 4801 ut
1398 4753 1533 4810 summo
1561 4729 1720 4799 nimirum

314 4878 453 4949 illorum
481 4879 583 4949 Patri
611 4876 745 4950 Sancto
771 4875 912 4948 Hilario
939 4877 1168 4948 Pictavorum
1204 4877 1385 4975 Episcopo
1421 4873 1559 4946 debitus
1595 4874 1721 4968 bonor,

314 5029 416 5098 sicuti
444 5037 478 5097 et
503 5027 649 5098 caeteris
676 5025 830 5096 ciusdem
858 5027 969 5096 meriti
997 5049 1038 5095 ac
1065 5023 1265 5123 dignitatis,
1306 5021 1443 5096 demum
1477 5021 1721 5094 decerneretur

314 5174 360 5247 ab
386 5173 452 5246 bac
480 5173 613 5246 Sancta
638 5170 847 5272 Apostolica
875 5169 991 5265 Sede,
1018 5197 1089 5270 quo
1116 5169 1219 5242 lande
1244 5196 1285 5242 ac
1312 5169 1413 5242 titulo
1439 5147 1630 5261 Doctoris,
1655 5170 1721 5240 sic·

422 5528 434 5572 ¹
457 5530 492 5596 S.
516 5528 732 5615 Angustia.
756 5537 872 5597 contra
894 5527 1014 5594 Julian.
1036 5523 1075 5591 11.
1098 5525 1129 5606 8,
1152 5523 1204 5592 28.

422 5639 437 5684 ¹
461 5641 591 5710 Action.
615 5645 643 5711 2.
