4686 6548
651 623 717 698 tto

496 833 498 840 ’
651 827 755 896 immo
779 823 880 895 sortis
910 834 1015 922 atque
1042 826 1219 897 animosus
1254 829 1389 898 veniam
1422 825 1467 898 ab
1500 826 1715 924 Imperatore
1748 827 1952 926 postulavit·
1973 853 2053 900 eum

651 972 843 1046 Saturnino
871 969 1069 1044 Arelatensi
1098 971 1237 1072 publice
1264 971 1499 1072 disceptandi,
1533 975 1593 1071 qni
1629 985 1848 1046 tamencum
1875 978 1947 1047 suis
1974 1003 2053 1076 gre·

651 1117 791 1220 galibus
820 1117 1038 1192 Sanctissimi
1063 1116 1240 1191 Antistitis
1268 1119 1462 1193 doctrinam
1488 1123 1634 1215 veritus,
1664 1149 1732 1193 una
1761 1149 1838 1194 cum
1871 1126 1957 1222 ipsis
1981 1133 2052 1194 tur·

651 1266 774 1339 barum
802 1276 995 1364 praetextu,
1024 1292 1113 1366 quas
1139 1293 1203 1366 per
1230 1266 1412 1341 Orientem
1432 1268 1561 1340 Hilarii
1589 1295 1693 1341 causa
1715 1273 1858 1342 excitari
1885 1270 2053 1365 dicerent,

651 1417 759 1485 suasit
783 1415 1011 1514 imperatori,
1050 1426 1085 1487 ut
1123 1417 1236 1514 ipsum
1266 1418 1303 1486 in
1331 1416 1532 1488 Dioecesim
1567 1443 1664 1488 suam
1698 1421 1895 1490 remitteret
1947 1419 2053 1490 Tunc

651 1559 829 1632 Hilarium
856 1561 899 1632 de
925 1561 1179 1634 haereticorum
1207 1567 1393 1634 certamine
1417 1574 1646 1635 revertentem
1671 1561 1866 1636 Galliarum
1892 1563 2053 1636 Ecclesia

651 1707 832 1814 complexa
862 1717 926 1801 est,
951 1735 1086 1808 suoque
1111 1711 1213 1810 gregi
1242 1709 1397 1782 redditus
1416 1709 1621 1784 Catholicae
1650 1712 1828 1784 doctrinae
1853 1740 2053 1813 propugna-

649 1865 705 1926 tor
726 1854 888 1928 studiose
915 1854 950 1928 id
978 1859 1062 1957 egit,
1090 1869 1195 1956 atque
1217 1871 1396 1930 assecutus
1423 1871 1489 1954 est,
1517 1872 1554 1932 ut
1581 1859 1792 1934 Saturninus
1820 1855 2054 1955 Arelatensis,

651 2014 685 2073 et
717 2001 932 2074 Fortunatus
958 2004 1241 2077 Petmcoriensis
1268 2005 1549 2114 deponerentur,
1585 2007 1713 2108 quibus
1744 2007 1823 2080 loco
1859 2011 1962 2082 motis
1995 2008 2053 2082 de-

650 2152 821 2249 iectisque
858 2149 974 2224 Gallia
1011 2155 1174 2225 universa
1212 2157 1382 2227 Arianum
1418 2158 1513 2227 virus
1549 2158 1709 2228 evomuit.
1764 2155 1883 2247 Quum
1922 2168 1973 2230 tot
2005 2183 2054 2230 ¹ac

652 2311 747 2373 tanta
774 2325 839 2400 pro
868 2297 1038 2372 catholica
1067 2299 1137 2372 lide
1163 2301 1323 2376 Hilarius
1349 2306 1579 2402 praestiterit,
1608 2302 1700 2374 haud
1726 2305 1851 2374 mirum
1878 2315 1930 2375 cst
1956 2301 2054 2375 siah

652 2447 738 2545 ipsis
764 2445 913 2518 Patrum
941 2444 1150 2519 doctissimis
1178 2446 1318 2520 laudum
1346 2453 1533 2549 praeconia
1560 2451 1664 2524 suerit
1690 2455 1907 2551 promeritus.
1947 2452 2054 2525 Enim

651 2619 736 2666 vero
763 2597 877 2694 ipsum
900 2593 1171 2688 „Confessionis
1199 2621 1283 2668 suae
1308 2601 1430 2672 merito
1459 2613 1493 2670 et
1513 2602 1601 2672 vitae
1620 2599 1801 2694 industria,
1829 2613 1863 2672 et
1891 2599 2055 2700 eloquen-

651 2743 719 2813 tiae
748 2741 903 2814 elaritate
931 2738 1132 2840 ubicunque
1166 2743 1382 2840 praedicari,
1423 2749 1568 2846 eiusque
1605 2746 1715 2819 libros
1754 2749 1927 2822 inoffenso
1966 2748 2055 2848 pede

652 2887 789 2962 decurri
818 2887 948 2988 possc“
982 2899 1129 2960 testatur
1155 2891 1413 2995 Hieronymus:
1454 2900 1567 2996 ipsum
1603 2898 1811 2992 „Ecclesiae
1851 2895 2055 2970 Catholicae

653 3040 822 3114 adversus
859 3041 1054 3114 haereticos
1094 3045 1298 3116 acerrimum
1338 3043 1583 3116 defensorem“
1623 3045 1776 3144 appellat
1814 3041 2055 3143 Augustinus:

654 3191 738 3290 quin
767 3191 871 3260 immo
898 3187 1028 3280 Hilarii
1057 3187 1213 3262 doctrina
1243 3189 1460 3290 Pelagianos
1485 3190 1648 3263 rel'elleus
1676 3190 1762 3263 hacc
1789 3193 1854 3264 ait:
1898 3191 2056 3286 „Catho-

652 3335 741 3408 lieus
779 3336 957 3436 loquitur,
998 3336 1237 3409 Ecclesiarum
1274 3337 1411 3408 Hector
1453 3337 1628 3437 loquitur,
1669 3339 1829 3411 Hilarius
1868 3337 2056 3437 loquitur.“

653 3485 741 3558 Pari
775 3485 879 3558 laude
914 3485 1042 3558 Hilarii
1078 3485 1181 3558 iidem
1218 3485 1482 3584 doctrinamque
1519 3483 1713 3583 probarunt
1750 3483 1879 3557 Graeci
1917 3486 2057 3579 Patres,

652 3659 760 3732 quam
787 3633 926 3733 quidem
956 3634 1174 3708 Graecorum
1200 3635 1478 3733 Latinorumque
1505 3633 1652 3704 Petrum
1690 3636 1955 3707 consensionem
1990 3646 2057 3706 tes·

654 3793 747 3853 tatur
769 3780 962 3854 luculenter
990 3781 1226 3856 Occumcnica
1255 3781 1424 3882 Synodus
1452 3779 1765 3875 Chalcedonensis,
1792 3786 1922 3882 quippe
1953 3787 1988 3855 in
2016 3810 2057 3856 ea

655 3925 839 4003 Catholica
865 3927 972 4002 Fides
999 3929 1134 4003 lirmata
1162 3941 1214 4002 est
1237 3933 1356 4022 „iuxta
1385 3933 1621 4030 expositiones
1646 3931 1716 4004 SS.
1743 3931 1891 4004 Petrum
1919 3929 2057 4033 Grego-

653 4077 710 4169 rii,
739 4075 873 4170 Basilii,
903 4075 1101 4171 Athanasii,
1129 4077 1271 4172 Hilarii,
1299 4075 1482 4152 Ambrosii
1510 4091 1544 4150 et
1571 4077 1733 4179 Cprilli.“
1787 4079 1891 4171 Quae
1913 4105 1991 4152 cum
2011 4080 2056 4150 ito

654 4227 743 4320 sint,
770 4240 807 4298 ut
835 4227 1132 4325 praestantissimo
1160 4251 1201 4299 ao
1229 4227 1447 4298 sanctissimo
1474 4227 1653 4319 Antistiti,
1689 4227 1788 4298 cuius
1815 4225 1974 4303 doctrina
2001 4251 2058 4298 ve·

653 4371 717 4444 luti
743 4372 804 4444 tax
826 4375 948 4446 enituit
974 4371 1019 4446 ad
1046 4371 1221 4472 lugendas
1248 4397 1405 4444 errorum
1431 4369 1606 4464 tenebras,
1634 4373 1802 4444 Doctoris
1830 4371 1960 4466 titulus,
1986 4397 2058 4471 quo

547 4611 551 4616 Ι
654 4521 860 4622 iampridem
887 4520 1018 4622 gaudet
1053 4520 1145 4620 apud
1183 4518 1368 4592 nonnullas
1397 4517 1593 4592 Galliarum
1620 4518 1820 4612 Ecclesiae,
1855 4523 2060 4594 auctoritate

656 4667 810 4742 Sanctae
839 4667 942 4742 huius
971 4668 1077 4744 Sedis
1109 4667 1354 4760 confirmetur,
1386 4677 1494 4766 utque
1527 4665 1620 4738 idem
1654 4665 1774 4739 titulus
1808 4666 1901 4740 illius
1935 4667 2062 4742 honori

656 4841 734 4889 cum
762 4815 895 4890 Officio
931 4843 972 4890 ac
994 4817 1105 4889 lllissa
1135 4818 1224 4888 ritus
1252 4815 1400 4914 duplicis
1427 4840 1491 4914 per
1523 4817 1723 4888 universam
1751 4815 1957 4890 extendatur
1990 4817 2060 4888 Ec·

656 4964 809 5058 clesiam,
833 4989 852 5035 a
879 4963 994 5036 Nobis
1021 4975 1218 5063 postremae
1237 4962 1376 5063 Synodi
1403 4961 1672 5063 Burdigalenais
1689 4963 1818 5036 Patres
1846 4965 1958 5036 enixis
1982 4987 2061 5063 prc-

654 5111 754 5185 eibus
772 5109 1001 5212 postularunt.
1055 5111 1138 5203 Qua
1156 5134 1262 5210 super
1282 5135 1321 5182 re
1340 5121 1526 5212 antequam
1546 5109 1681 5212 aliquid
1698 5121 1940 5206 statueremus,
1965 5109 2060 5184 illam

653 5260 783 5334 iudicio
810 5261 1003 5332 remisimus
1038 5257 1119 5333 VV.
1158 5258 1229 5330 FF.
1266 5257 1348 5332 NN.
1385 5259 1425 5332 S.
1458 5259 1505 5331 R.
1540 5260 1584 5331 E.
1619 5258 1860 5333 Cardiualium
1893 5257 2058 5359 legitimis

655 5405 779 5479 ritibus
809 5405 947 5478 tuendis
980 5407 1279 5505 praepositorum,
1318 5407 1378 5504 qui
1406 5403 1608 5478 Ordinariis
1643 5405 1771 5480 habitis
1806 5409 1842 5478 in
1877 5405 2058 5479 Vaticanis

655 5553 801 5628 aedibus
823 5557 970 5667 comitiis
997 5553 1053 5628 die
1080 5553 1216 5627 xxix
1243 5553 1363 5626 Martii
1397 5556 1479 5626 anni
1512 5555 1700 5648 vertentis,
1732 5554 1886 5654 visisque
1914 5551 2058 5628 obiectis
