4686 6548
1660 677 1727 751 125

315 886 436 982 cubm3
476 905 585 984 turgeu
622 882 817 960 bicolori
852 902 920 956 uua
933 933 945 975 ,
984 878 1033 953 uir
1059 885 1118 954 ten
1147 877 1313 973 &deifica
1349 887 1408 955 cet
1443 877 1661 972 uleruntrinil
1690 903 1728 956 m

314 1035 505 1133 obrutaque
542 1033 577 1108 la
613 1031 696 1124 turer
729 1031 854 1126 futtern
890 1027 1123 1122 sarmatiam
1158 1020 1288 1120 orfito
1326 1026 1484 1124 cullebte,
1525 1029 1637 1130 migra
1672 1037 1729 1106 oet

319 1349 350 1412 in
383 1364 517 1428 examen
541 1341 670 1406 vocavit
706 1349 739 1403 et
776 1337 930 1422 explosit,
967 1337 1234 1421 interpolationes
1266 1357 1286 1402 a
1319 1337 1454 1422 perfidis
1486 1337 1662 1403 haereticis
1696 1337 1727 1401 in

321 1469 440 1522 textum
465 1454 614 1536 origenis
637 1452 807 1536 genuinum
843 1427 983 1514 intrusus
1017 1451 1133 1517 critico
1163 1451 1308 1516 acumine
1332 1451 1504 1536 patefecit,
1536 1450 1674 1532 denique
1697 1450 1729 1514 iu

320 1568 481 1634 historicis
505 1582 678 1650 processus
703 1563 870 1628 momentis
894 1563 1120 1647 expendendis
1143 1563 1328 1628 methodum
1358 1571 1489 1628 secutus
1520 1569 1570 1626 est
1601 1563 1730 1627 orrrniuo

321 1679 524 1746 laudabilem.
562 1675 683 1754 Quodsi
706 1677 818 1741 eadem
842 1676 894 1740 via
918 1695 958 1740 ac
978 1676 1106 1740 ratione
1129 1695 1211 1760 opus
1230 1675 1368 1741 feliciter
1391 1676 1552 1758 inceptum
1569 1673 1612 1738 ad
1633 1672 1730 1737 linem

323 1813 422 1876 usque
446 1790 652 1876 prosequitur
675 1809 715 1854 ac
737 1791 929 1874 praeprimis
948 1798 1043 1872 gesta
1065 1791 1272 1877 pontificatus
1288 1789 1397 1871 Vigilii
1417 1796 1531 1854 contra
1553 1785 1730 1852 calumnia·

323 1913 411 1969 tores
433 1901 585 1982 vindicat,
609 1901 768 1966 Volumeu
790 1901 889 1968 lllsor.
913 1908 1064 1987 tanquam
1088 1903 1292 1990 splendidum
1308 1903 1499 1970 eruditionis
1522 1899 1729 1983 theologicae

324 2035 363 2080 ac
386 2015 487 2080 sancii
511 2015 572 2078 zeli
595 2015 758 2098 specimen
782 2015 894 2098 praelo
923 2016 1037 2081 subiici
1069 2037 1162 2100 quam
1192 2017 1329 2081 maxime
1359 2008 1530 2080 meretur.“
1576 2011 1638 2080 loia
1668 2029 1731 2077 uua

323 2126 496 2210 uuotintig
521 2125 649 2208 geuruut
670 2126 856 2210 outlirqrnte
879 2127 1080 2211 oiuteuqiibe
1103 2129 1203 2197 tirbeit
1226 2127 1280 2213 (in
1304 2126 1338 2194 S.
1361 2125 1512 2210 Gregorii
1534 2125 1675 2209 Nysseni
1699 2131 1732 2190 et

327 2239 475 2322 origenis
508 2240 630 2322 scripta
663 2246 696 2303 et
727 2238 906 2305 doctrinam
938 2257 1023 2306 nova
1057 2243 1205 2307 recensio
1236 2259 1310 2306 cum
1348 2239 1531 2324 appendice
1566 2237 1608 2303 de
1637 2237 1733 2303 Actis

326 2350 446 2436 synodi
469 2350 508 2416 V.
532 2352 759 2417 oecumenicae
782 2373 842 2438 per
864 2352 1022 2418 Aloisiom
1048 2353 1205 2419 Vincenzi
1236 2355 1268 2418 iu
1297 2351 1443 2418 Romano
1467 2352 1732 2435 archigymnasio

327 2467 506 2530 litterarum
531 2465 753 2530 hebraicarum
778 2465 996 2549 professorem
1027 2465 1141 2532 Partes
1165 2467 1310 2545 ouatuor
1341 2465 1372 2530 iu
1404 2471 1543 2548 quatuor
1570 2464 1734 2528 volumina

327 2577 464 2642 divisae.
509 2575 631 2642 Romae
654 2599 695 2642 ex
718 2580 940 2663 typographia
959 2578 1121 2644 Beroardi
1146 2580 1263 2645 Morini
1289 2577 1378 2648 1act.
1403 2573 1506 2660 1865)
1528 2577 1560 2654 it
1582 2575 1623 2642 itu
1646 2576 1734 2654 russeta

327 2691 415 2770 obsit
438 2697 502 2758 tem
524 2691 682 2772 ordonio
704 2695 754 2758 uer
787 2693 989 2774 ,omnimoda
1024 2689 1057 2755 S.
1091 2692 1241 2775 Gregorii
1275 2691 1417 2776 Nysseni
1445 2699 1479 2756 et
1509 2687 1659 2770 origenis
1692 2686 1734 2754 de

327 2801 518 2866 aeternitate
540 2819 717 2884 poenarum
742 2804 772 2866 in
796 2805 863 2870 vita
884 2807 990 2869 futura
1014 2824 1086 2870 oum
1109 2804 1262 2887 dogmate
1281 2803 1443 2869 catholico
1466 2796 1661 2866 concordia“
1685 2820 1734 2885 qv

327 2916 443 2980 tuiururt
466 2920 526 2981 unt
550 2913 653 2982 fumuit
675 2917 815 2998 bequqtid
840 2922 892 2984 cea
921 2901 1191 2999 aierunttiuliqrn'
1211 2917 1383 3000 obrutaque
1415 2931 1450 2997 aa
1473 2913 1565 2981 riuum
1588 2912 1734 2994 oiriultut,

327 3031 382 3091 tut
402 3025 458 3106 auf
477 3028 612 3111 fulgente
638 3027 678 3108 eil
699 3027 884 3098 octodecim
907 3030 1117 3112 binuuatiuitz

430 3137 453 3203 1.
485 3139 606 3204 oratis
637 3143 793 3206 asseritur
816 3140 989 3223 origenem
1022 3141 1065 3205 ad
1097 3142 1328 3226 quinquaginta
1362 3141 1431 3204 fere
1463 3157 1586 3220 anuos,
1619 3140 1733 3222 quibus

327 3251 426 3314 multa
449 3251 560 3317 docuit
583 3264 616 3318 et
638 3255 786 3336 scripsit,
816 3253 989 3337 aliquando
1013 3256 1082 3318 sive
1111 3253 1285 3319 inficiatum
1309 3272 1401 3333 esse,
1426 3253 1496 3315 sive
1520 3270 1648 3334 erasse,
1677 3271 1735 3316 seu

329 3363 496 3428 dubitasse
520 3364 756 3446 quodammodo
781 3367 822 3430 de
846 3367 1078 3450 suppliciorum
1101 3367 1337 3452 perpetuitate,
1368 3367 1482 3448 quibus
1506 3373 1538 3429 et
1560 3365 1735 3429 daemones

329 3488 361 3540 et
385 3479 516 3562 reprobi
537 3481 729 3544 mulctantur
753 3480 840 3564 apud
862 3482 1000 3546 inferos:
1035 3481 1206 3564 quinimmo
1230 3481 1359 3544 disertis
1382 3481 1491 3544 verbis
1515 3477 1608 3542 lirmo
1632 3478 1735 3560 limpi-

329 3590 435 3673 doque
459 3609 605 3656 sermone
628 3593 692 3656 hoc
715 3595 867 3657 statuisse
890 3592 1008 3677 dogma
1033 3593 1218 3658 adstruitur.
1654 3587 1660 3600 ’

432 3703 470 3768 ll.
515 3703 565 3768 Ex
589 3705 766 3788 praedictis
789 3707 888 3770 veluti
910 3708 1013 3772 illatio
1035 3707 1178 3790 legitima
1202 3707 1343 3787 eruitur,
1367 3706 1516 3789 Origeuis
1539 3707 1653 3770 hostes
1678 3708 1734 3766 im·

330 3817 442 3882 merito
465 3824 499 3880 et
521 3817 640 3881 frustra
663 3821 940 3902 praesumpsisse,
964 3819 1154 3904 etamplius
1178 3827 1247 3884 totu
1271 3837 1382 3882 erasse
1407 3819 1517 3896 coelo,
1549 3819 1734 3882 existiman·

330 3940 395 4008 tes,
422 3947 546 4012 poenas
571 3929 788 3994 tantummodo
822 3933 1037 4016 temporarias
1069 3933 1217 3996 sanxisse
1249 3930 1422 4015 origenem
1454 3931 1662 3996 daemonibus
1697 3947 1736 3994 ac

331 4043 490 4108 damnatis
514 4049 588 4126 post
611 4051 745 4108 mortem
768 4043 917 4110 inflictas.

435 4154 488 4220 lll.
534 4153 604 4219 Sub
627 4156 867 4240 palingenesias
890 4159 1027 4238 nomine,
1051 4157 1092 4222 de
1112 4177 1175 4241 qua
1196 4159 1360 4240 hucusque
1384 4166 1473 4223 tauto
1488 4158 1606 4223 ardore
1624 4157 1736 4243 dispu-

329 4277 428 4332 tatum
460 4273 525 4348 est,
557 4287 758 4352 nequaquam
790 4269 923 4354 spiritus
958 4272 1027 4334 sive
1051 4271 1224 4335 uoluntatis
1247 4273 1525 4355 regenerationem
1559 4283 1632 4356 post
1655 4270 1736 4335 iudi·

332 4382 413 4444 cium
445 4381 649 4446 novissimum
685 4381 969 4465 comprehendisse
1000 4381 1175 4466 origenem
1215 4385 1366 4466 infertum
1404 4385 1494 4468 quasi
1528 4385 1672 4450 homiues
1704 4393 1736 4448 et

331 4495 504 4558 daemones
533 4491 619 4577 apud
649 4495 771 4560 inferos
802 4497 919 4560 bouum
952 4497 1047 4561 sicuti
1079 4505 1112 4560 et
1143 4497 1260 4561 malum
1293 4498 1380 4562 vella
1414 4505 1566 4582 possent;
1598 4497 1738 4579 ideoque

331 4608 548 4690 poeniteutiae
572 4625 711 4691 capaces
734 4607 903 4691 eucheri,
938 4615 970 4674 et
997 4609 1060 4690 ita,
1095 4611 1275 4675 huiusmodi
1306 4609 1469 4675 mediante
1502 4610 1736 4697 palingenesia,

331 4717 504 4802 aliquando
528 4719 598 4783 fore
622 4699 813 4783 saliendos:
837 4719 925 4802 quod
947 4723 1031 4786 absit
1054 4720 1205 4787 docuisse
1229 4719 1468 4788 Adamantium.

437 4832 490 4895 lV.
535 4829 699 4896 Humanae
724 4841 856 4896 naturae
880 4835 1170 4917 regenerationem,
1194 4836 1263 4900 sive
1287 4837 1556 4902 restaurationem
1577 4835 1608 4898 in
1626 4836 1736 4920 pristi-

333 4963 407 5008 num
429 4952 546 5008 statum
569 4945 845 5027 incorruptibilem
876 4953 909 5009 et
937 4947 1146 5012 immortalem
1170 4969 1189 5012 a
1213 4967 1276 5031 quo
1299 4949 1464 5014 ceciderat
1485 4947 1583 5012 homo
1607 4947 1737 5030 primus,

333 5075 372 5122 ao
394 5058 521 5142 penitus
541 5075 562 5120 a
583 5056 698 5120 meotis
721 5059 970 5139 regeneratione
993 5059 1132 5141 variam,
1160 5061 1297 5126 maxime
1320 5060 1470 5127 docuisse
1492 5062 1643 5128 statuitur
1665 5057 1738 5123 ori·

330 5189 457 5256 genem,
480 5189 615 5252 eamque
638 5187 701 5234 nou
724 5170 826 5234 solum
849 5170 971 5237 iudicio
988 5172 1166 5236 nouissimo
1182 5175 1346 5256 praeviam
1370 5173 1477 5238 sedet
1493 5176 1738 5258 resurrecticui;

331 5283 469 5366 ideoque
491 5283 573 5348 nihil
596 5283 699 5366 ipsam
722 5301 889 5348 commune
911 5285 1036 5349 habere
1064 5275 1135 5349 cum
1167 5285 1274 5350 futura
1296 5283 1487 5351 daemonum
1518 5306 1558 5352 ac
1580 5289 1738 5372 reprobo-

332 5417 400 5461 rum
422 5397 584 5460 humiuum
607 5397 842 5461 restauratione
865 5396 907 5461 ad
931 5397 1096 5462 meliorem
1119 5405 1238 5462 sortem
1269 5405 1344 5482 post
1365 5397 1516 5462 iudicium
1543 5408 1739 5482 extremum3

333 5531 415 5594 quae
438 5529 607 5593 numquam
631 5509 701 5573 erit.

439 5622 478 5689 V.
524 5621 660 5705 losuper
680 5641 722 5687 ex
745 5621 933 5706 praemissis
965 5623 1100 5686 alterum
1124 5620 1386 5687 adversariorum
1418 5625 1562 5705 sequitur
1589 5633 1741 5701 erratum,
