4646 6550
712 623 758 698 40

708 827 859 904 respectu
882 819 951 884 eius
973 835 1056 901 quae
1078 817 1264 884 considerat
1287 818 1389 884 solum
1413 819 1556 886 ordinent
1585 826 1726 886 motuum
1757 821 1811 905 qui
1842 821 2031 890 ordinantur
2061 821 2104 888 ad

708 933 852 1014 formam,
875 933 958 998 sicut
982 932 1177 998 naviiactiva
1199 939 1352 1018 respectu
1373 953 1485 1000 manue
1507 931 1674 998 artificum.

810 1045 868 1112 Sic
889 1062 969 1128 ergo
991 1045 1170 1110 interillos
1194 1046 1377 1112 intellectus
1400 1047 1453 1130 qui
1475 1045 1656 1111 immediate
1686 1045 1717 1110 in
1739 1045 1813 1129 ipso
1834 1043 1905 1111 Deo
1928 1047 2106 1132 perlectam

708 1159 923 1244 cognitionem
946 1157 1068 1224 ordinis
1091 1158 1316 1242 providentiae
1341 1160 1468 1226 divinae
1490 1157 1681 1243 percipiunt,
1703 1165 1754 1222 est
1776 1157 1903 1242 quidam
1926 1159 2025 1225 ordo:

809 1269 891 1348 outa
914 1270 1054 1354 supremi
1077 1283 1109 1335 et
1131 1271 1225 1355 primi
1248 1271 1406 1338 rationem
1428 1272 1550 1337 ordinis
1571 1271 1795 1356 providentiae
1810 1271 1972 1356 accipiunt
1987 1271 2018 1338 iu
2034 1273 2105 1356 ipso

707 1385 815 1451 ultimo
838 1381 911 1466 hue,
936 1384 988 1466 qui
1012 1391 1063 1462 est
1086 1385 1194 1450 divina
1217 1387 1346 1452 bonitas
1369 1383 1516 1470 (quidam
1538 1391 1644 1448 maren
1667 1400 1777 1448 aarum
1799 1383 1870 1448 aliis
1893 1381 2047 1466 clarius);
2069 1393 2102 1450 et

705 1500 756 1566 isti
779 1498 927 1564 dicuntur
948 1499 1122 1584 Seraphim,
1145 1500 1236 1584 quari
1259 1500 1410 1566 ardentes
1433 1497 1486 1560 vel
1509 1493 1730 1576 incendentes,
1752 1493 1826 1576 quia
1848 1513 1907 1578 per
1923 1495 2101 1564 incendium

706 1611 791 1677 solet
811 1609 978 1691 designari
1001 1611 1139 1676 intensio
1161 1612 1280 1676 auroris
1303 1611 1356 1676 vel
1379 1609 1547 1692 desiderii,
1580 1608 1634 1692 qni
1665 1614 1738 1672 sunt
1760 1607 1802 1672 de
1824 1605 1888 1672 line
1903 1657 1933 1672 ..
1963 1605 2104 1676 Secundi

708 1731 814 1790 autem
840 1723 996 1788 rationem
1020 1723 1245 1807 providentiae
1276 1725 1307 1790 in
1338 1721 1410 1808 ipsa
1440 1722 1543 1787 torma
1574 1720 1684 1786 diviua
1715 1720 1862 1806 perlecte
1891 1732 2107 1806 cognoscunt3

706 1843 740 1901 et
762 1835 794 1900 hi
822 1835 971 1900 dicuntur
995 1835 1176 1916 cambam,
1208 1835 1294 1918 qnod
1326 1835 1554 1920 intorpretatur
1586 1837 1734 1902 mantice
1763 1833 1937 1918 plenitudo·
1970 1835 2104 1900 scientia

704 1949 786 2014 euim
809 1948 1024 2032 parternum
1047 1947 1168 2014 scibilis
1191 1946 1357 2032 perlicitnr
1374 1997 1404 2010 ..
1434 1947 1533 2012 Tertii
1554 1965 1634 2013 vero
1657 1947 1760 2031 ipsam
1784 1947 2026 2031 dispositionem
2050 1947 2102 2012 di·

705 2063 851 2128 vinorum
873 2060 1063 2128 iudiciorum
1084 2062 1116 2125 in
1139 2061 1248 2145 seipsa
1271 2059 1493 2142 considerant3
1515 2066 1547 2124 et
1569 2059 1603 2124 hi
1626 2057 1774 2125 dicuutur
1796 2059 1925 2136 Tironi·
1947 2077 2019 2122 narn
2044 2078 2104 2142 per

705 2173 853 2240 thronum
875 2179 1021 2258 potestas
1042 2171 1210 2238 iudiciaria
1235 2169 1423 2256 designatur
1445 2167 1549 2254 (Psal.
1571 2169 1626 2236 tx.
1648 2167 1698 2254 5).

809 2283 898 2365 laem,
921 2282 1008 2350 luter
1030 2285 1120 2370 ipsos
1142 2285 1237 2350 etiarn
1261 2283 1429 2350 interiores
1451 2283 1598 2368 spiritus,
1622 2283 1675 2368 qui
1699 2283 1796 2348 diuini
1820 2282 1943 2348 ordinis
1964 2305 2024 2370 per
2046 2303 2105 2352 eos

706 2397 904 2482 exsequendi
934 2396 1111 2482 portentum
1144 2397 1358 2480 cognitionem
1390 2416 1449 2480 per
1480 2397 1664 2481 superiores
1694 2396 1827 2480 spiritus
1858 2407 2107 2480 consequuntur,

707 2517 836 2594 oportet
857 2506 1001 2572 ordinem
1025 2525 1117 2590 esse3
1148 2525 1220 2572 nam
1244 2508 1295 2590 qni
1320 2509 1402 2574 inter
1423 2527 1480 2573 eos
1503 2516 1577 2573 sunt
1598 2507 1722 2572 altioris
1745 2507 1888 2589 virtutis,
1912 2507 2007 2574 etiam
2031 2518 2106 2576 sunt

707 2619 949 2686 universalioris
972 2620 1002 2684 iu
1027 2620 1286 2704 cognoscendo;‚
1307 2623 1391 2688 unde
1423 2621 1636 2706 cognitionem
1670 2619 1792 2686 ordinis
1824 2619 2049 2704 providentiae
2072 2622 2100 2686 in

705 2732 871 2818 principiis
893 2741 927 2798 et
948 2733 1054 2800 causis
1077 2736 1180 2818 magis
1208 2735 1441 2800 universalibus
1472 2733 1710 2818 adipiscuntur3
1742 2732 1914 2800 interiores
1939 2751 2038 2818 vero,
2071 2735 2101 2799 in

705 2846 812 2910 causis
834 2845 937 2928 magis
960 2847 1226 2930 particularibus3
1249 2847 1372 2913 altioris
1394 2847 1477 2912 euim
1502 2845 1683 2912 intellectus
1704 2854 1791 2910 esset
1812 2846 1920 2927 nouo,
1944 2847 1998 2930 qui
2013 2845 2102 2912 ordi·

704 2977 775 3022 nem
799 2959 937 3024 omnium
958 2959 1149 3024 naturalium
1173 2961 1380 3026 considerare
1402 2967 1513 3042 posset
1528 2959 1559 3023 in
1574 2959 1765 3043 corporibus
1780 2959 1984 3042 coelestibus,
2007 2979 2101 3044 quarn

706 3072 760 3156 qui
782 3070 905 3154 indiget
927 3071 968 3136 ad
991 3073 1169 3156 perlectam
1192 3073 1408 3156 coguitionem
1432 3072 1474 3138 ad
1502 3072 1655 3138 inferiora
1684 3073 1881 3158 prospicere.
1924 3072 1975 3138 llll
2003 3073 2102 3156 igitur

705 3183 759 3266 qui
782 3183 812 3248 in
836 3183 941 3250 causis
963 3185 1211 3268 universalibus,
1235 3205 1317 3268 quae
1340 3193 1413 3252 sunt
1436 3184 1559 3250 mediae
1582 3187 1665 3252 iuter
1687 3185 1798 3268 Deum,
1821 3186 1948 3270 quiesi
1971 3186 2101 3252 univer-

704 3297 863 3362 salissima
886 3316 995 3379 causa,
1018 3305 1051 3362 et
1073 3316 1188 3364 causas
1212 3299 1434 3382 particulares,
1457 3306 1593 3384 possunt
1614 3299 1759 3366 ordinem
1782 3299 2006 3383 providentiae
2026 3319 2101 3382 per·

704 3411 790 3476 tecte
813 3427 1021 3494 cognoscere,
1045 3410 1140 3476 medii
1163 3418 1238 3475 suut
1259 3411 1343 3476 inter
1365 3412 1437 3477 illos
1459 3413 1512 3496 qui
1535 3413 1567 3476 iu
1589 3413 1660 3496 ipso
1678 3413 1745 3478 Deo
1768 3413 1923 3478 rationem
1943 3411 2101 3496 praedicti

704 3521 826 3588 ordinis
849 3522 1056 3588 considerare
1079 3522 1258 3606 sufiiciunt,
1291 3531 1325 3588 ct
1350 3543 1408 3588 eos
1433 3525 1486 3607 qui
1508 3524 1540 3588 in
1562 3525 1668 3590 causis
1695 3525 1943 3608 particularibus
1966 3544 2100 3591 necesse

704 3637 825 3700 habeut
848 3637 1062 3704 considerare.
1094 3637 1137 3704 Et
1159 3640 1192 3702 hi
1211 3638 1401 3722 allionysio
1424 3643 1585 3722 ponuntur
1606 3637 1638 3702 in
1662 3638 1767 3703 medie
1789 3639 1984 3722 hierarchia,
2007 3658 2100 3722 quae,

704 3749 787 3814 sicut
809 3770 828 3813 a
851 3769 1000 3834 supraema
1023 3752 1180 3836 dirigitur,
1203 3753 1247 3817 ita
1270 3752 1380 3834 dirigit
1403 3751 1549 3816 intimam.
1927 3730 1930 3740 ⁵

807 3861 893 3927 lntcr
915 3865 975 3928 hoa
998 3865 1092 3928 etiam
1114 3864 1348 3929 intellectuales
1372 3863 1567 3928 substantias
1596 3869 1725 3946 oportet
1754 3863 1840 3946 quod
1868 3861 1948 3926 ordo
1971 3859 2099 3946 quidam

704 3975 839 4058 existnt3
871 3996 942 4040 nam
972 3977 1042 4060 ipse
1071 3976 1262 4042 universalis
1291 3975 1515 4060 providentiae
1545 3975 1714 4060 dispositio
1737 3975 1935 4040 distribuitur
1957 3975 2101 4058 quidem:

806 4089 913 4154 Primo
937 4090 967 4152 in
992 4089 1108 4153 multos
1131 4099 1339 4171 executores3
1372 4089 1458 4172 quod
1489 4089 1616 4171 quidem
1640 4087 1675 4152 lit
1698 4089 1925 4171 perordinem
1950 4089 2100 4154 horninu-

702 4206 838 4278 tionunr,·
869 4200 1068 4266 dominorum
1092 4203 1174 4267 enim
1198 4211 1248 4267 est
1271 4203 1460 4286 praecipere
1483 4201 1560 4284 quid
1582 4201 1635 4266 alii
1668 4210 1868 4284 exeqrrantur
1884 4249 1913 4264 ..
1947 4199 2100 4266 Secundo

702 4327 806 4378 nutent
830 4315 871 4377 ab
901 4321 1058 4396 oprernnte
1091 4321 1124 4378 et
1155 4324 1333 4396 exequente
1365 4314 1566 4380 distribuitur
1596 4321 1629 4378 et
1660 4313 1887 4398 multiplicatur
1918 4313 1960 4378 ad
1992 4313 2100 4376 verine

702 4427 851 4501 ellectum
882 4426 968 4508 qrrnd
999 4426 1125 4516 quidem
1158 4427 1194 4490 m
1226 4427 1450 4511 perordinem
1479 4427 1646 4508 Virtutum,
1679 4445 1813 4508 quarum
1835 4425 1917 4490 ordo
1939 4423 2098 4508 significat

702 4537 859 4622 ornandum
884 4540 998 4604 sortem
1021 4540 1203 4604 virilitatem
1227 4541 1257 4603 in
1281 4557 1391 4604 onnes
1407 4537 1580 4603 deiformes
1597 4539 1814 4622 operationes,
1837 4555 1900 4602 nou
1916 4537 2098 4620 relinquen·

703 4664 765 4715 tem
788 4653 836 4716 sui
863 4653 1082 4718 imbecillitate
1104 4653 1239 4735 aliquem
1263 4653 1449 4718 deilorrnern
1473 4662 1590 4716 motum
1608 4699 1639 4716 ..
1673 4650 1782 4716 Tertio
1806 4669 1885 4717 vero
1908 4650 2099 4715 universalis

703 4764 924 4848 providentiae
946 4764 1042 4844 ordo,
1067 4765 1126 4829 iam
1151 4765 1182 4828 in
1204 4764 1373 4830 effectibus
1396 4764 1574 4844 institutus,
1597 4763 1783 4828 inconfusus
1807 4761 2001 4844 custoditur,
2024 4761 2098 4826 dum

701 4877 891 4940 cohibentur
914 4894 953 4940 ea
977 4894 1058 4958 quoe
1079 4881 1212 4958 possent
1235 4874 1320 4939 huuc
1342 4875 1485 4940 ordinem
1509 4878 1716 4960 perturbare;
1747 4877 1835 4958 quod
1865 4873 1994 4958 quidem
2021 4895 2098 4958 per·

699 4989 778 5054 tinea
800 4987 841 5052 ad
864 4986 1008 5051 ordinem
1032 4986 1227 5052 Potestoturn.

803 5099 904 5165 lnfinri
929 5111 1033 5164 autem
1057 5099 1140 5162 inter
1163 5101 1347 5184 superiores
1368 5100 1602 5166 intellectuales
1625 5101 1819 5166 substantias
1842 5108 1915 5165 sunt
1935 5101 1988 5182 qui
2009 5101 2098 5163 ordi·

698 5233 770 5278 nem
794 5211 921 5278 divinae
943 5213 1168 5298 providentiae
1191 5213 1222 5276 in
1246 5214 1494 5298 particularibus
1525 5215 1631 5280 causis
1663 5213 1916 5298 cognoscibilem
1944 5213 2096 5280 divinitus

699 5327 874 5410 accipiunt3
908 5327 994 5390 ethi
1017 5325 1198 5391 immediate
1221 5328 1317 5392 rebus
1341 5327 1486 5392 humanis
1510 5336 1761 5412 praeponuntur.
1806 5325 1894 5392 luter
1915 5327 1976 5393 has
1999 5329 2094 5394 etiam

700 5439 827 5522 quidam
851 5439 933 5504 ordo
955 5439 1079 5505 existit:

801 5549 882 5616 Nem
905 5551 936 5616 in
959 5553 1055 5618 rebus
1078 5553 1223 5618 humanit
1246 5559 1296 5618 en
1317 5553 1447 5636 aliquod
1479 5556 1596 5622 bonum
1628 5573 1813 5636 commune,
1847 5553 1934 5637 quod
1967 5553 2094 5637 quidem
