4686 6548
1673 676 1738 751 127

225 943 227 946 ,
336 875 530 968 municipes
554 883 620 951 aab
648 875 1061 970 &boemerlldrbiirbieib
1100 877 1150 951 bie
1184 883 1244 952 bert
1280 878 1313 954 ic
1348 878 1500 972 Eetrabt
1537 881 1740 959 lemmecbea

330 1024 536 1118 literarilabm
565 1023 750 1118 ‘probarim
777 1026 897 1125 signet,
938 1045 977 1122 pt
1003 1023 1118 1117 iudea.
1170 1022 1223 1113 3¹¹
1252 1019 1443 1122 issabrbeit,
1482 1030 1551 1129 iaqt
1576 1029 1740 1128 historice

326 1345 620 1430 Erqletrerbbttnii
644 1361 695 1430 tar
718 1345 896 1432 strategis,
928 1349 984 1413 bra
1007 1347 1226 1414 &retenentes
1256 1352 1306 1414 ber
1328 1347 1435 1429 binde,
1469 1348 1643 1432 deberitis
1674 1357 1733 1419 arb

327 1461 404 1542 (ibe,
436 1465 485 1528 ber
507 1459 826 1545 heiligencerebranq,
853 1465 902 1528 brt
930 1459 1115 1545 attqtntrct,
1156 1464 1206 1527 ber
1235 1459 1335 1540 tiitbe
1367 1467 1427 1530 aab
1458 1463 1549 1544 ibtear
1581 1464 1735 1544 admittier

327 1571 570 1658 crassescente
593 1578 648 1640 bert
672 1574 786 1656 &ibici
808 1573 896 1641 biibet
918 1573 980 1641 eine
1002 1565 1301 1660 ᾰνακεφαλαίωσις,
1330 1573 1361 1641 ia
1384 1576 1500 1656 celeber
1524 1583 1680 1658 ,cunctae
1702 1577 1733 1640 in

326 1687 499 1770 origenem
523 1686 785 1751 adversariorum
815 1685 1053 1750 criminationes
1084 1705 1144 1769 per
1174 1687 1485 1768 argumentationem
1519 1690 1561 1753 ab
1595 1689 1737 1756 absurdo

326 1795 584 1884 expugnantur.“
622 1796 781 1880 bbdbreab
815 1799 923 1878 lebana
957 1805 1013 1866 bat
1044 1799 1130 1867 britte
1152 1799 1301 1868 Etiamne
1333 1801 1395 1869 rint
1426 1799 1546 1882 iritiltbr
1576 1798 1735 1882 diribitae

327 1917 377 1980 bct
401 1911 575 1996 „Quaestio
593 1911 678 1977 inter
699 1911 923 1996 Theophilum,
947 1909 1165 1994 Epiphaniam
1188 1918 1222 1975 et
1243 1909 1473 1995 Hieronymum
1497 1911 1649 1995 Origenis
1678 1915 1737 1980 ad·

331 2025 497 2090 versarios
520 2033 554 2089 et
575 2024 659 2088 inter
681 2024 834 2089 loannem
858 2024 1145 2107 chrysostomum,
1174 2025 1392 2107 Theotimum,
1422 2024 1583 2092 liulfinum
1608 2035 1642 2092 et
1664 2029 1737 2094 illc-

331 2141 455 2205 narhos
478 2137 656 2202 Nitrienses
679 2135 828 2220 0rigenis
850 2136 1027 2201 hariolast
1063 2136 1175 2217 tiriert,
1209 2139 1328 2218 barbeii
1356 2145 1406 2206 ber
1439 2140 1528 2207 biettr
1560 2141 1653 2209 aare
1678 2159 1736 2209 boa

328 2261 392 2324 btbt
417 2251 632 2336 „Triumphus
655 2249 767 2333 Vigilii
790 2247 957 2315 pontificis
983 2247 1136 2328 Romani,
1161 2248 1311 2334 Origenis
1334 2249 1536 2334 Adamantii,
1566 2251 1736 2318 Iustiniani

328 2363 537 2448 imperatoris
569 2362 600 2426 in
633 2359 769 2444 Synodo
803 2359 1017 2428 Oecnmenica
1049 2358 1195 2438 Quinta.“
1257 2362 1304 2441 {ln
1345 2369 1394 2431 brt
1433 2363 1548 2442 [bicen
1586 2364 1737 2444 llbbrnbit

331 2473 393 2560 (6.
418 2475 483 2542 400
505 2470 576 2558 iq),
601 2477 701 2552 melon
724 2475 769 2543 bie
791 2473 944 2556 biufitbriit
967 2473 1064 2554 libat:
1089 2472 1227 2556 ,Paulus
1248 2471 1428 2558 Apostolus
1445 2475 1647 2562 Protctypus
1662 2479 1734 2544 0ri-

331 2583 443 2672 geuis“
472 2585 591 2672 brqiaat
618 2589 668 2652 ber
698 2583 822 2668 gelehrte
851 2585 985 2668 theolog
1019 2592 1079 2652 aab
1109 2585 1285 2665 orientatis
1316 2594 1365 2654 ber
1394 2589 1546 2670 rbrailqerr
1570 2591 1734 2673 babitare,

330 2701 422 2782 belisa
445 2695 640 2774 Eieidrrrbrti
663 2694 731 2763 ibet
753 2695 798 2762 bit
822 2692 958 2777 threaten
975 2693 1112 2773 Statirae
1127 2697 1237 2779 bircae
1261 2701 1385 2780 teaqtet
1406 2716 1440 2782 ιιι
1456 2707 1572 2768 merbec
1591 2704 1735 2782 aerbtert,

331 2815 384 2882 ab
406 2819 460 2881 bttt
483 2811 624 2880 iberita:
660 2809 730 2873 Vos
753 2808 900 2888 tandem,
932 2808 1202 2892 osapientissimi
1225 2809 1302 2890 viri,
1336 2819 1493 2894 quotquot
1524 2814 1555 2876 in
1588 2813 1735 2880 Ecclesia

333 2924 453 2990 Christi
477 2923 549 2988 nelo
572 2930 605 2987 et
626 2921 806 2986 eruditione
829 2922 996 3002 excellitis,
1020 2922 1196 2986 stadiorum
1220 2942 1386 2988 sacrorum
1403 2925 1555 3006 cultores,
1578 2927 1735 2991 historiae

333 3037 502 3104 Ecclesiae
526 3037 629 3118 periti,
653 3035 757 3100 seduli
779 3043 922 3100 veterum
938 3033 1068 3099 Petrum
1091 3035 1297 3118 interpretes,
1321 3037 1426 3102 cuncti
1443 3037 1604 3120 dogmatis
1620 3041 1736 3105 catho-

331 3150 383 3215 lici
408 3157 678 3233 propugnatores,
701 3167 761 3211 vos
784 3149 912 3213 tandem
937 3148 1030 3212 huius
1054 3149 1250 3230 quaestionis
1272 3147 1394 3214 iudices
1419 3152 1594 3236 compello:
1619 3159 1736 3216 totum-

330 3282 392 3345 que
415 3261 499 3326 hunc
522 3261 667 3324 laborem
691 3281 792 3326 meum
816 3267 927 3325 vestro
950 3262 1100 3325 submitto
1130 3261 1257 3326 iudicio.
1302 3261 1373 3326 Non
1403 3283 1504 3326 meam
1530 3265 1560 3328 in
1584 3265 1648 3331 hoc
1678 3266 1736 3330 sed

334 3384 475 3441 vestram
498 3373 679 3439 omnimode
702 3391 842 3438 veneror
864 3373 1105 3457 amplectorque
1127 3375 1358 3440 anctoritatem.
1391 3374 1433 3440 Et
1455 3377 1482 3440 si
1499 3377 1627 3459 quidenr
1644 3385 1735 3442 recta

331 3469 412 3570 dixi,
436 3507 477 3551 ex
500 3505 558 3552 ore
586 3493 697 3550 vestro
728 3487 771 3548 ita
803 3505 839 3548 se
867 3485 989 3550 habeat
1017 3488 1186 3552 rectitudo.
1240 3487 1298 3552 Sin
1326 3497 1432 3553 autem
1462 3490 1565 3553 minus
1592 3491 1735 3569 fecerim,

331 3621 371 3667 ac
393 3608 543 3686 punctum
568 3599 694 3664 minime
716 3597 852 3676 tulerim,
877 3599 946 3662 sive
969 3607 1002 3662 et
1025 3600 1237 3684 improbabile
1260 3601 1435 3684 quidquam
1456 3602 1569 3666 nolens
1592 3604 1735 3686 scripse-

331 3715 399 3794 rim,
430 3731 491 3776 vos
515 3711 690 3776 decernite.
737 3709 887 3773 Vestrum
910 3710 993 3774 enim
1016 3719 1066 3774 est
1088 3712 1167 3776 hoc:
1201 3713 1294 3778 sicuti
1324 3731 1416 3778 omne
1448 3714 1585 3778 studium
1618 3735 1733 3792 meum,

330 3833 445 3892 cuncta
468 3828 569 3892 verba
594 3845 674 3906 mea,
697 3844 813 3891 sensus
836 3832 869 3889 et
890 3825 1042 3890 voluntas
1064 3831 1132 3890 tota
1153 3825 1184 3887 in
1207 3835 1317 3889 vestra
1334 3834 1408 3891 sunt
1424 3835 1594 3910 potestate.
1627 3827 1734 3893 Meum

330 3960 411 4022 erga
434 3957 494 4004 vos
516 3940 704 4022 obsequium
730 3937 761 4003 id
783 3939 879 4022 petit,
910 3944 942 4002 et
966 3937 1041 4001 lidei
1064 3937 1244 4002 catholicae
1273 3937 1435 4020 professio
1465 3939 1616 4021 postulat.
1662 3939 1734 4004 0ri-

329 4053 483 4135 genesin
507 4059 683 4136 conspectu
706 4060 816 4116 vestro
840 4061 921 4134 stat3
951 4061 983 4116 et
1011 4069 1075 4132 ego
1098 4049 1196 4114 veluti
1227 4051 1322 4116 huius
1346 4059 1500 4135 patronus
1523 4051 1734 4137 eiusdemque

330 4183 449 4248 gerens
472 4183 617 4243 causam,
648 4163 690 4228 ad
724 4165 912 4229 cathedram
950 4164 1128 4246 sapientiae
1162 4173 1293 4227 vestrae
1325 4164 1588 4248 appropinquare
1619 4163 1733 4228 audeo.

330 4277 431 4341 Vobis
453 4277 537 4356 ideo,
561 4257 666 4361 prout
681 4278 782 4342 visum
806 4275 912 4356 luerit,
936 4277 1151 4359 pronunciare
1173 4277 1223 4340 ius
1246 4283 1327 4339 esto.
1379 4271 1432 4342 Ac
1461 4277 1584 4340 interea
1614 4295 1735 4340 memo·

330 4391 378 4454 ria
405 4391 436 4453 in
466 4391 576 4472 primis
608 4389 856 4473 complectimini
888 4391 993 4454 lamae
1026 4365 1225 4454 altitudinem
1258 4407 1341 4470 quae
1372 4387 1412 4452 de
1447 4397 1537 4454 tanto
1571 4388 1644 4452 viro
1676 4408 1735 4472 per

330 4507 441 4568 orbem
465 4504 674 4568 christianum
697 4505 881 4586 percrebuit
915 4523 934 4566 a
962 4519 1022 4566 suo
1055 4504 1085 4566 in
1114 4500 1286 4585 disciplina
1317 4501 1540 4567 ecclesiastica
1573 4502 1733 4587 tyrocinio

329 4635 431 4699 usque
456 4615 497 4679 ad
520 4615 640 4680 saeculi
665 4614 718 4680 lV.
742 4614 847 4680 tinem.
892 4612 1105 4678 Considerate
1135 4610 1216 4697 (etsi
1238 4631 1301 4678 non
1325 4613 1477 4678 deessent
1505 4615 1647 4679 nonnulli
1672 4617 1731 4678 ob·

328 4735 519 4793 trectetores
551 4729 605 4811 qui
637 4729 795 4792 adversus
828 4747 900 4792 eum
939 4721 1161 4808 insurgerent)
1196 4723 1402 4790 considerate
1437 4725 1523 4808 quali
1556 4728 1731 4791 universim

327 4851 402 4904 tunc
424 4839 547 4918 fideles,
571 4851 753 4924 quantaque
778 4842 985 4905 veneratione
1010 4839 1111 4902 virum
1135 4840 1298 4922 prosecuti
1328 4839 1392 4904 siut
1415 4857 1537 4904 morum
1561 4843 1732 4906 sanctitate

222 5009 224 5012 .
326 4950 548 5030 clarissimum,
572 4953 730 5036 sapientia
744 4953 879 5034 zeloque
902 4951 1185 5036 incomparabilem
1209 4970 1269 5035 pro
1285 4951 1449 5018 christiani
1466 4954 1601 5017 norninis
1617 4953 1732 5036 gloria.

328 5065 375 5130 Ex
402 5067 463 5131 hoc
485 5063 567 5130 enim
592 5065 687 5130 talem
711 5073 908 5130 exornarunt
940 5065 1045 5130 virum
1072 5064 1193 5148 „pium,
1222 5065 1388 5148 hamilem,
1412 5065 1732 5131 continentissimum:

328 5181 369 5246 ab
393 5177 612 5244 adolescentia
636 5196 746 5244 amore
770 5177 891 5244 Christi
922 5179 964 5243 ad
988 5179 1175 5261 martyrium
1209 5197 1308 5261 usque
1331 5177 1539 5260 flagrantem:
1572 5181 1673 5242 verbo
1701 5185 1734 5242 et

328 5309 429 5377 opere
460 5291 612 5376 pietatem
644 5291 862 5357 excolentem:
901 5292 932 5355 in
965 5291 1188 5374 disquisitione
1220 5292 1366 5356 veritatis
1403 5291 1659 5356 solertissimum:
1701 5291 1731 5354 iu

328 5405 505 5490 Scriptnris
529 5403 729 5488 exponendis
747 5423 876 5469 munere
891 5404 1043 5470 divinitus
1067 5403 1273 5470 cumulatum:
1296 5421 1438 5468 coaevus
1455 5421 1565 5468 omnes
1586 5403 1733 5468 doctriua

329 5527 362 5584 et
384 5519 563 5584 eruditione
587 5526 810 5602 superantem:
840 5518 1036 5583 christianae
1060 5516 1288 5600 philosophiae
1317 5515 1511 5600 principem:
1546 5517 1732 5583 haeretico·

328 5651 396 5695 rum
430 5630 591 5696 malleum:
626 5637 783 5716 perpetuo
815 5629 967 5716 dogmata
999 5631 1081 5696 lalsa
1111 5637 1144 5694 et
1174 5629 1341 5694 haeretica
1371 5627 1582 5694 detestatum:
1615 5629 1732 5693 eximia
