4686 6548
572 871 577 881 Ι
646 920 705 994 10.
730 920 868 1008 {lentot
900 915 1019 990 1852:
1070 917 1266 1016 Postquam
1300 919 1471 1016 superiori
1506 944 1603 988 anno·
1636 916 1730 990 1851
1762 917 1915 991 Sanctus
1942 919 2044 990 Hila-

641 1071 713 1139 rius
746 1069 944 1166 Episcopus
982 1063 1177 1138 Consessor
1216 1066 1373 1137 formiter
1411 1063 1606 1136 declaratus
1647 1063 1939 1164 confirmatusque
1979 1068 2045 1140 luit

639 1213 850 1286 universalis
871 1212 1056 1284 Ecclesiae
1075 1212 1225 1304 Ductor,
1252 1211 1350 1284 locus
1377 1215 1488 1284 lactus
1517 1225 1568 1284 est
1596 1213 1838 1312 adprobationi
1861 1215 2047 1290 additionis

640 1319 842 1454 adsertam
871 1360 1075 1451 lectionem,
1110 1386 1213 1458 quam
1250 1347 1284 1431 in
1315 1357 1516 1431 Ordinariis
1551 1359 1741 1432 Sacrorum
1775 1363 1921 1434 Rituum
1950 1362 2048 1436 Cou-

641 1511 859 1612 gregationis
894 1508 1054 1581 Comitiis
1089 1507 1132 1578 ad
1170 1509 1380 1578 Vaticanum
1413 1507 1582 1579 bodierna
1620 1508 1675 1579 die
1711 1509 1838 1582 habitis
1874 1511 2045 1582 referente

639 1658 732 1730 Emo
764 1669 797 1728 ct
832 1657 925 1728 Rmo
964 1657 1118 1726 Domino
1154 1649 1334 1726 Cardinali
1370 1655 1554 1727 Ludovico
1593 1654 1718 1726 Altieri
1761 1654 1864 1726 buius
1905 1654 2046 1726 Causae

638 1804 808 1876 Relatore
844 1801 889 1872 ad
928 1805 1125 1874 instantiam
1163 1803 1245 1872 Rmi
1280 1803 1514 1873 Pictaviensis
1541 1803 1731 1902 Episcopi,
1774 1801 1885 1872 Sacra
1924 1801 2045 1874 eadem

641 1930 883 2050 Congreqatio
907 1948 1171 2049 adprobandam
1198 1953 1350 2042 censuit,
1387 1952 1528 2049 praevia
1556 1953 1737 2022 revisione.
1793 1949 1874 2040 Qua
1904 1950 2044 2022 tandem

639 2097 776 2196 expleta
805 2121 868 2195 per
892 2095 1040 2167 eundem
1067 2097 1194 2168 Emum
1220 2099 1265 2167 l).
1293 2096 1399 2170 Card.
1422 2098 1626 2170 Relatorem
1652 2123 1720 2168 una
1749 2121 1826 2167 cum
1851 2096 1898 2168 ll.
1925 2097 1969 2168 P.
1999 2099 2045 2168 l).

638 2243 784 2317 Andrea
822 2245 935 2315 illaria
971 2245 1119 2316 Frattini
1153 2244 1306 2316 Sanctae
1345 2243 1444 2316 Fidei
1478 2245 1708 2336 promotore,
1748 2243 1860 2316 Sacra
1896 2244 2043 2315 Rituum

605 2485 610 2498 ³
640 2391 883 2492 Conprcgatio
918 2391 1128 2492 adprobavit
1166 2402 1445 2489 memoratusque
1479 2403 1596 2463 sextae
1632 2355 1771 2463 lectioni
1811 2389 2006 2462 addendam
2034 2399 2044 2439 ¹

639 2543 831 2632 concessit,
865 2538 1047 2611 declarans
1075 2538 1169 2639 qnod
1197 2538 1360 2637 deinceps
1388 2537 1536 2608 infesto
1565 2531 1605 2610 S.
1631 2537 1760 2608 Hilarii
1789 2563 1808 2607 a
1838 2535 1944 2609 Clero
1969 2541 2043 2609 uni-

637 2688 782 2760 versalis
809 2686 992 2759 Ecclesiae
1021 2685 1190 2758 Ollicium
1217 2711 1296 2756 cum
1323 2685 1433 2756 Missa
1461 2684 1613 2782 persolvi
1643 2683 1768 2758 debeat
1799 2685 1842 2757 de
1869 2689 2041 2757 communi

600 2853 604 2862 ’
640 2839 833 2928 Doctorum
851 2846 885 2905 ct
904 2859 981 2904 cum
999 2831 1230 2905 Lectionibus
1250 2834 1350 2931 primi
1372 2834 1532 2904 nocturni
1561 2831 1604 2904 de
1624 2831 1806 2931 Scriptura
1826 2847 2040 2907 occurrente.

746 3177 839 3248 ¹cte
873 3180 922 3245 ine
956 3178 1103 3260 Dipsium
1138 3161 1187 3257 icit
1221 3180 1304 3246 1852
1336 3179 1573 3267 ttetgrgongmc
1606 3180 1894 3264 guicctrssiinmung
1935 3185 2042 3250 nutet:

637 3291 716 3357 Eum
738 3314 755 3356 a
781 3293 884 3356 multis
908 3291 1058 3356 Patribus
1083 3299 1115 3354 et
1137 3291 1292 3360 Consiliis
1312 3293 1470 3374 insignem
1493 3291 1661 3356 Ecclesiae
1679 3292 1850 3356 Doctorcm
1873 3313 2040 3380 nuncupa·

636 3416 710 3484 tum,
735 3415 831 3489 atque
853 3407 897 3469 uti
921 3406 1018 3470 talem
1040 3406 1070 3468 in
1096 3405 1217 3486 aliquot
1240 3404 1445 3470 dioecesibus
1469 3406 1604 3485 cultum,
1632 3405 1760 3468 tandem
1791 3407 1929 3470 instante
1953 3405 2039 3491 Syn·

636 3521 700 3585 odo
723 3519 947 3601 Burdigalensi
972 3517 1047 3582 Pius
1070 3517 1118 3582 lX
1145 3517 1294 3582 Pontifex
1323 3519 1483 3582 Maximus
1515 3539 1556 3582 ex
1586 3521 1761 3583 Sacrorum
1793 3517 1919 3582 Rituum
1951 3519 2039 3583 Ocn-

635 3634 837 3715 gregationis
860 3633 1006 3696 consulto
1040 3635 1212 3695 universae
1245 3629 1412 3696 Ecclesiae
1445 3631 1609 3695 doctorem
1642 3631 1823 3694 declaravit
1854 3647 1886 3692 et
1918 3631 2038 3694 conlir·

636 3746 743 3824 mavit,
767 3765 806 3809 ac
827 3745 929 3828 ipsius
953 3746 1035 3808 testo
1059 3745 1109 3806 die
1134 3743 1266 3806 Missam
1299 3753 1330 3806 et
1363 3743 1506 3808 Officium
1540 3742 1580 3804 de
1603 3743 1797 3807 Doctoribus
1827 3745 1868 3804 ab
1890 3745 2036 3806 comibus

635 3859 763 3922 recitari
787 3859 885 3922 iussit.
910 3853 1125 3940 (directorium
1149 3858 1323 3922 Romanum
1346 3857 1398 3922 dio
1421 3855 1507 3920 XlV.
1533 3856 1657 3920 leniter.
1682 3855 1771 3920 Lect.
1797 3855 1849 3921 Vl.
1874 3875 1897 3918 s.
1922 3852 1962 3936 l.)

1022 4747 1189 4976 7?
1289 4822 1396 4963 ss
1426 4787 1540 4950 ‘te'

1231 5051 1239 5058 .
1378 5030 1395 5064 s
